Trade_Time,Price_USD,Volume_BTC,Symbol
2025-09-30 00:00:02.646,114245.0,0.001,BTCUSDT
2025-09-30 00:00:02.675,114244.9,0.001,BTCUSDT
2025-09-30 00:00:02.720,114245.0,0.008,BTCUSDT
2025-09-30 00:00:02.761,114245.0,0.017,BTCUSDT
2025-09-30 00:00:02.763,114244.9,0.001,BTCUSDT
2025-09-30 00:00:02.763,114244.9,0.001,BTCUSDT
2025-09-30 00:00:02.769,114244.9,0.017,BTCUSDT
2025-09-30 00:00:02.771,114245.0,0.003,BTCUSDT
2025-09-30 00:00:02.772,114245.0,0.012,BTCUSDT
2025-09-30 00:00:02.936,114245.0,0.001,BTCUSDT
2025-09-30 00:00:02.936,114245.0,0.001,BTCUSDT
2025-09-30 00:00:02.936,114245.0,0.039,BTCUSDT
2025-09-30 00:00:02.945,114245.0,0.038,BTCUSDT
2025-09-30 00:00:02.949,114245.0,0.088,BTCUSDT
2025-09-30 00:00:02.949,114245.0,0.005,BTCUSDT
2025-09-30 00:00:02.949,114245.0,0.001,BTCUSDT
2025-09-30 00:00:02.949,114245.0,0.043,BTCUSDT
2025-09-30 00:00:02.949,114245.0,0.003,BTCUSDT
2025-09-30 00:00:02.949,114245.0,0.018,BTCUSDT
2025-09-30 00:00:02.949,114245.0,0.001,BTCUSDT
2025-09-30 00:00:02.949,114245.0,0.001,BTCUSDT
2025-09-30 00:00:02.949,114245.0,0.065,BTCUSDT
2025-09-30 00:00:02.949,114245.0,0.087,BTCUSDT
2025-09-30 00:00:02.949,114245.0,0.001,BTCUSDT
2025-09-30 00:00:02.949,114245.0,0.056,BTCUSDT
2025-09-30 00:00:02.958,114245.0,0.023,BTCUSDT
2025-09-30 00:00:03.004,114245.0,0.001,BTCUSDT
2025-09-30 00:00:03.004,114245.0,0.015,BTCUSDT
2025-09-30 00:00:03.152,114244.9,0.056,BTCUSDT
2025-09-30 00:00:03.181,114245.0,0.011,BTCUSDT
2025-09-30 00:00:03.182,114245.0,0.005,BTCUSDT
2025-09-30 00:00:03.192,114244.9,0.088,BTCUSDT
2025-09-30 00:00:03.231,114245.0,0.002,BTCUSDT
2025-09-30 00:00:03.308,114244.9,0.003,BTCUSDT
2025-09-30 00:00:03.338,114244.9,0.353,BTCUSDT
2025-09-30 00:00:03.338,114244.9,0.177,BTCUSDT
2025-09-30 00:00:03.338,114244.9,0.001,BTCUSDT
2025-09-30 00:00:03.338,114244.9,0.631,BTCUSDT
2025-09-30 00:00:03.338,114244.9,0.207,BTCUSDT
2025-09-30 00:00:03.338,114244.9,0.01,BTCUSDT
2025-09-30 00:00:03.338,114244.9,0.142,BTCUSDT
2025-09-30 00:00:03.338,114244.9,0.275,BTCUSDT
2025-09-30 00:00:03.354,114245.0,0.008,BTCUSDT
2025-09-30 00:00:03.361,114245.0,0.003,BTCUSDT
2025-09-30 00:00:03.361,114245.0,0.001,BTCUSDT
2025-09-30 00:00:03.361,114245.0,0.001,BTCUSDT
2025-09-30 00:00:03.361,114245.0,0.002,BTCUSDT
2025-09-30 00:00:03.361,114245.0,0.009,BTCUSDT
2025-09-30 00:00:03.361,114245.0,0.04,BTCUSDT
2025-09-30 00:00:03.386,114244.9,0.001,BTCUSDT
2025-09-30 00:00:03.386,114244.9,0.001,BTCUSDT
2025-09-30 00:00:03.386,114244.9,0.005,BTCUSDT
2025-09-30 00:00:03.507,114245.0,0.02,BTCUSDT
2025-09-30 00:00:03.529,114245.0,0.008,BTCUSDT
2025-09-30 00:00:03.558,114245.0,0.003,BTCUSDT
2025-09-30 00:00:03.572,114245.0,0.012,BTCUSDT
2025-09-30 00:00:03.617,114245.0,0.002,BTCUSDT
2025-09-30 00:00:03.621,114244.9,0.003,BTCUSDT
2025-09-30 00:00:03.622,114245.0,0.002,BTCUSDT
2025-09-30 00:00:03.625,114245.0,0.026,BTCUSDT
2025-09-30 00:00:03.661,114245.0,0.1,BTCUSDT
2025-09-30 00:00:03.790,114245.0,0.002,BTCUSDT
2025-09-30 00:00:03.841,114244.9,0.008,BTCUSDT
2025-09-30 00:00:03.901,114244.9,0.002,BTCUSDT
2025-09-30 00:00:03.982,114245.0,0.004,BTCUSDT
2025-09-30 00:00:03.982,114245.0,0.007,BTCUSDT
2025-09-30 00:00:03.985,114245.0,0.002,BTCUSDT
2025-09-30 00:00:03.985,114245.0,0.003,BTCUSDT
2025-09-30 00:00:03.985,114245.0,0.007,BTCUSDT
2025-09-30 00:00:04.086,114244.9,0.132,BTCUSDT
2025-09-30 00:00:04.157,114245.0,0.003,BTCUSDT
2025-09-30 00:00:04.157,114245.0,0.001,BTCUSDT
2025-09-30 00:00:04.157,114245.0,0.001,BTCUSDT
2025-09-30 00:00:04.239,114244.9,0.004,BTCUSDT
2025-09-30 00:00:04.241,114244.9,0.088,BTCUSDT
2025-09-30 00:00:04.273,114244.9,0.005,BTCUSDT
2025-09-30 00:00:04.310,114244.9,0.003,BTCUSDT
2025-09-30 00:00:04.314,114245.0,0.002,BTCUSDT
2025-09-30 00:00:04.340,114245.0,0.004,BTCUSDT
2025-09-30 00:00:04.369,114244.9,0.061,BTCUSDT
2025-09-30 00:00:04.376,114245.0,0.01,BTCUSDT
2025-09-30 00:00:04.404,114245.0,0.054,BTCUSDT
2025-09-30 00:00:04.462,114244.9,0.663,BTCUSDT
2025-09-30 00:00:04.462,114244.9,0.004,BTCUSDT
2025-09-30 00:00:04.462,114244.9,0.023,BTCUSDT
2025-09-30 00:00:04.462,114244.9,0.5,BTCUSDT
2025-09-30 00:00:04.462,114244.9,0.61,BTCUSDT
2025-09-30 00:00:04.462,114244.9,0.602,BTCUSDT
2025-09-30 00:00:04.462,114244.9,0.001,BTCUSDT
2025-09-30 00:00:04.462,114244.9,0.004,BTCUSDT
2025-09-30 00:00:04.462,114244.9,0.237,BTCUSDT
2025-09-30 00:00:04.462,114244.9,0.065,BTCUSDT
2025-09-30 00:00:04.462,114244.9,0.323,BTCUSDT
2025-09-30 00:00:04.462,114244.9,0.125,BTCUSDT
2025-09-30 00:00:04.462,114244.9,0.299,BTCUSDT
2025-09-30 00:00:04.462,114244.9,0.001,BTCUSDT
2025-09-30 00:00:04.462,114244.9,1.097,BTCUSDT
2025-09-30 00:00:04.462,114244.9,1.923,BTCUSDT
2025-09-30 00:00:04.462,114244.9,0.008,BTCUSDT
2025-09-30 00:00:04.462,114244.9,0.001,BTCUSDT
2025-09-30 00:00:04.462,114244.9,0.375,BTCUSDT
2025-09-30 00:00:04.462,114244.9,0.27,BTCUSDT
2025-09-30 00:00:04.462,114244.9,1.6,BTCUSDT
2025-09-30 00:00:04.462,114244.9,0.16,BTCUSDT
2025-09-30 00:00:04.462,114244.9,0.652,BTCUSDT
2025-09-30 00:00:04.462,114244.9,0.179,BTCUSDT
2025-09-30 00:00:04.462,114244.9,0.5,BTCUSDT
2025-09-30 00:00:04.462,114244.9,0.272,BTCUSDT
2025-09-30 00:00:04.462,114244.9,0.001,BTCUSDT
2025-09-30 00:00:04.462,114244.9,0.495,BTCUSDT
2025-09-30 00:00:04.462,114244.9,0.006,BTCUSDT
2025-09-30 00:00:04.462,114244.9,0.004,BTCUSDT
2025-09-30 00:00:04.499,114245.0,0.001,BTCUSDT
2025-09-30 00:00:04.559,114245.0,0.004,BTCUSDT
2025-09-30 00:00:04.573,114244.9,0.003,BTCUSDT
2025-09-30 00:00:04.573,114244.9,0.024,BTCUSDT
2025-09-30 00:00:04.785,114245.0,0.01,BTCUSDT
2025-09-30 00:00:04.787,114245.0,0.006,BTCUSDT
2025-09-30 00:00:04.960,114245.0,0.006,BTCUSDT
2025-09-30 00:00:04.975,114245.0,0.089,BTCUSDT
2025-09-30 00:00:05.023,114245.0,0.006,BTCUSDT
2025-09-30 00:00:05.103,114245.0,0.053,BTCUSDT
2025-09-30 00:00:05.117,114245.0,0.003,BTCUSDT
2025-09-30 00:00:05.131,114245.0,0.001,BTCUSDT
2025-09-30 00:00:05.150,114245.0,0.011,BTCUSDT
2025-09-30 00:00:05.180,114245.0,0.006,BTCUSDT
2025-09-30 00:00:05.208,114245.0,0.138,BTCUSDT
2025-09-30 00:00:05.208,114245.0,0.001,BTCUSDT
2025-09-30 00:00:05.208,114245.0,0.003,BTCUSDT
2025-09-30 00:00:05.208,114245.0,0.001,BTCUSDT
2025-09-30 00:00:05.208,114245.0,0.043,BTCUSDT
2025-09-30 00:00:05.208,114245.0,0.001,BTCUSDT
2025-09-30 00:00:05.208,114245.0,0.003,BTCUSDT
2025-09-30 00:00:05.208,114245.0,0.001,BTCUSDT
2025-09-30 00:00:05.208,114245.0,0.005,BTCUSDT
2025-09-30 00:00:05.208,114245.0,0.047,BTCUSDT
2025-09-30 00:00:05.208,114245.0,0.065,BTCUSDT
2025-09-30 00:00:05.208,114245.0,0.001,BTCUSDT
2025-09-30 00:00:05.208,114245.0,0.001,BTCUSDT
2025-09-30 00:00:05.208,114245.0,0.001,BTCUSDT
2025-09-30 00:00:05.208,114245.0,0.001,BTCUSDT
2025-09-30 00:00:05.208,114245.0,0.001,BTCUSDT
2025-09-30 00:00:05.208,114245.0,0.001,BTCUSDT
2025-09-30 00:00:05.208,114245.0,0.001,BTCUSDT
2025-09-30 00:00:05.208,114245.0,0.013,BTCUSDT
2025-09-30 00:00:05.208,114245.0,0.009,BTCUSDT
2025-09-30 00:00:05.208,114245.0,0.001,BTCUSDT
2025-09-30 00:00:05.208,114245.0,0.001,BTCUSDT
2025-09-30 00:00:05.209,114245.0,0.001,BTCUSDT
2025-09-30 00:00:05.209,114245.0,0.009,BTCUSDT
2025-09-30 00:00:05.209,114245.0,0.001,BTCUSDT
2025-09-30 00:00:05.209,114245.0,0.001,BTCUSDT
2025-09-30 00:00:05.209,114245.0,0.001,BTCUSDT
2025-09-30 00:00:05.209,114245.0,0.001,BTCUSDT
2025-09-30 00:00:05.209,114245.0,0.001,BTCUSDT
2025-09-30 00:00:05.209,114245.0,0.001,BTCUSDT
2025-09-30 00:00:05.209,114245.0,0.001,BTCUSDT
2025-09-30 00:00:05.209,114245.0,0.001,BTCUSDT
2025-09-30 00:00:05.209,114245.0,0.001,BTCUSDT
2025-09-30 00:00:05.209,114245.0,0.002,BTCUSDT
2025-09-30 00:00:05.209,114245.1,0.001,BTCUSDT
2025-09-30 00:00:05.209,114245.1,0.002,BTCUSDT
2025-09-30 00:00:05.209,114245.1,0.002,BTCUSDT
2025-09-30 00:00:05.209,114245.1,0.001,BTCUSDT
2025-09-30 00:00:05.209,114245.1,0.002,BTCUSDT
2025-09-30 00:00:05.209,114245.1,0.002,BTCUSDT
2025-09-30 00:00:05.209,114245.5,0.002,BTCUSDT
2025-09-30 00:00:05.209,114245.6,0.001,BTCUSDT
2025-09-30 00:00:05.209,114246.0,0.009,BTCUSDT
2025-09-30 00:00:05.209,114246.1,0.002,BTCUSDT
2025-09-30 00:00:05.209,114246.1,0.155,BTCUSDT
2025-09-30 00:00:05.209,114246.2,0.002,BTCUSDT
2025-09-30 00:00:05.209,114246.2,0.002,BTCUSDT
2025-09-30 00:00:05.209,114246.2,0.002,BTCUSDT
2025-09-30 00:00:05.209,114246.2,0.027,BTCUSDT
2025-09-30 00:00:05.209,114246.5,0.002,BTCUSDT
2025-09-30 00:00:05.209,114246.7,0.002,BTCUSDT
2025-09-30 00:00:05.209,114247.3,0.002,BTCUSDT
2025-09-30 00:00:05.209,114247.4,0.002,BTCUSDT
2025-09-30 00:00:05.209,114247.4,0.002,BTCUSDT
2025-09-30 00:00:05.209,114247.6,0.001,BTCUSDT
2025-09-30 00:00:05.209,114247.8,0.001,BTCUSDT
2025-09-30 00:00:05.209,114247.9,0.003,BTCUSDT
2025-09-30 00:00:05.209,114248.1,0.002,BTCUSDT
2025-09-30 00:00:05.209,114248.1,0.002,BTCUSDT
2025-09-30 00:00:05.209,114248.3,0.002,BTCUSDT
2025-09-30 00:00:05.209,114248.5,0.002,BTCUSDT
2025-09-30 00:00:05.209,114248.5,0.002,BTCUSDT
2025-09-30 00:00:05.209,114248.6,0.001,BTCUSDT
2025-09-30 00:00:05.209,114248.6,0.001,BTCUSDT
2025-09-30 00:00:05.307,114248.6,0.088,BTCUSDT
2025-09-30 00:00:05.588,114248.7,0.001,BTCUSDT
2025-09-30 00:00:05.588,114248.7,0.001,BTCUSDT
2025-09-30 00:00:05.588,114248.7,0.001,BTCUSDT
2025-09-30 00:00:05.588,114248.7,0.001,BTCUSDT
2025-09-30 00:00:05.588,114248.7,0.001,BTCUSDT
2025-09-30 00:00:05.592,114248.7,0.002,BTCUSDT
2025-09-30 00:00:05.592,114248.7,0.008,BTCUSDT
2025-09-30 00:00:05.609,114248.7,0.117,BTCUSDT
2025-09-30 00:00:05.625,114248.7,0.001,BTCUSDT
2025-09-30 00:00:05.695,114248.7,0.001,BTCUSDT
2025-09-30 00:00:05.717,114248.7,0.125,BTCUSDT
2025-09-30 00:00:05.767,114248.7,0.005,BTCUSDT
2025-09-30 00:00:05.811,114248.6,0.114,BTCUSDT
2025-09-30 00:00:05.889,114248.7,0.002,BTCUSDT
2025-09-30 00:00:05.900,114248.6,0.002,BTCUSDT
2025-09-30 00:00:05.939,114248.7,0.238,BTCUSDT
2025-09-30 00:00:05.939,114248.7,0.156,BTCUSDT
2025-09-30 00:00:05.939,114248.7,0.001,BTCUSDT
2025-09-30 00:00:05.939,114248.7,0.005,BTCUSDT
2025-09-30 00:00:05.939,114248.7,0.001,BTCUSDT
2025-09-30 00:00:05.939,114248.7,0.043,BTCUSDT
2025-09-30 00:00:05.939,114248.7,0.009,BTCUSDT
2025-09-30 00:00:05.939,114248.7,0.001,BTCUSDT
2025-09-30 00:00:05.939,114248.7,0.219,BTCUSDT
2025-09-30 00:00:05.939,114248.7,0.105,BTCUSDT
2025-09-30 00:00:05.939,114248.7,0.008,BTCUSDT
2025-09-30 00:00:05.939,114248.7,0.009,BTCUSDT
2025-09-30 00:00:05.939,114248.7,0.002,BTCUSDT
2025-09-30 00:00:05.939,114248.7,0.002,BTCUSDT
2025-09-30 00:00:05.939,114248.7,0.002,BTCUSDT
2025-09-30 00:00:05.939,114248.8,0.002,BTCUSDT
2025-09-30 00:00:05.939,114248.8,0.001,BTCUSDT
2025-09-30 00:00:05.939,114248.8,0.001,BTCUSDT
2025-09-30 00:00:05.939,114248.9,0.002,BTCUSDT
2025-09-30 00:00:05.939,114248.9,0.001,BTCUSDT
2025-09-30 00:00:05.939,114248.9,0.001,BTCUSDT
2025-09-30 00:00:05.939,114249.0,0.523,BTCUSDT
2025-09-30 00:00:05.939,114249.1,0.002,BTCUSDT
2025-09-30 00:00:05.939,114249.9,0.002,BTCUSDT
2025-09-30 00:00:05.939,114250.0,0.001,BTCUSDT
2025-09-30 00:00:05.939,114250.6,0.002,BTCUSDT
2025-09-30 00:00:05.939,114250.7,0.018,BTCUSDT
2025-09-30 00:00:05.939,114251.1,0.002,BTCUSDT
2025-09-30 00:00:05.939,114251.2,0.001,BTCUSDT
2025-09-30 00:00:05.939,114251.3,0.002,BTCUSDT
2025-09-30 00:00:05.939,114251.4,0.026,BTCUSDT
2025-09-30 00:00:05.939,114251.9,0.002,BTCUSDT
2025-09-30 00:00:05.944,114252.0,0.001,BTCUSDT
2025-09-30 00:00:05.944,114252.3,0.001,BTCUSDT
2025-09-30 00:00:05.944,114252.5,0.002,BTCUSDT
2025-09-30 00:00:05.944,114253.2,0.001,BTCUSDT
2025-09-30 00:00:05.944,114253.3,0.002,BTCUSDT
2025-09-30 00:00:05.944,114253.7,0.065,BTCUSDT
2025-09-30 00:00:05.944,114253.8,0.001,BTCUSDT
2025-09-30 00:00:05.944,114253.9,0.005,BTCUSDT
2025-09-30 00:00:05.944,114254.0,0.002,BTCUSDT
2025-09-30 00:00:05.944,114254.1,0.002,BTCUSDT
2025-09-30 00:00:05.944,114254.2,0.002,BTCUSDT
2025-09-30 00:00:05.944,114254.4,0.008,BTCUSDT
2025-09-30 00:00:05.949,114254.4,0.002,BTCUSDT
2025-09-30 00:00:05.949,114254.4,0.002,BTCUSDT
2025-09-30 00:00:05.949,114255.0,0.002,BTCUSDT
2025-09-30 00:00:05.949,114255.0,0.002,BTCUSDT
2025-09-30 00:00:05.949,114255.6,0.037,BTCUSDT
2025-09-30 00:00:05.949,114255.6,0.006,BTCUSDT
2025-09-30 00:00:05.949,114255.6,0.008,BTCUSDT
2025-09-30 00:00:05.949,114255.6,0.01,BTCUSDT
2025-09-30 00:00:05.949,114255.6,0.006,BTCUSDT
2025-09-30 00:00:05.949,114255.6,0.015,BTCUSDT
2025-09-30 00:00:05.949,114255.6,0.007,BTCUSDT
2025-09-30 00:00:05.949,114255.6,0.002,BTCUSDT
2025-09-30 00:00:05.949,114255.7,0.001,BTCUSDT
2025-09-30 00:00:05.949,114255.8,0.002,BTCUSDT
2025-09-30 00:00:05.949,114255.9,0.092,BTCUSDT
2025-09-30 00:00:05.950,114255.9,0.039,BTCUSDT
2025-09-30 00:00:05.950,114255.9,0.087,BTCUSDT
2025-09-30 00:00:05.959,114256.4,0.002,BTCUSDT
2025-09-30 00:00:05.959,114256.4,0.001,BTCUSDT
2025-09-30 00:00:05.959,114256.4,0.001,BTCUSDT
2025-09-30 00:00:05.959,114256.4,0.001,BTCUSDT
2025-09-30 00:00:05.959,114256.4,0.001,BTCUSDT
2025-09-30 00:00:05.959,114256.4,0.004,BTCUSDT
2025-09-30 00:00:05.960,114256.4,0.005,BTCUSDT
2025-09-30 00:00:05.976,114256.4,0.001,BTCUSDT
2025-09-30 00:00:05.976,114256.4,0.001,BTCUSDT
2025-09-30 00:00:05.976,114256.4,0.005,BTCUSDT
2025-09-30 00:00:05.976,114256.4,0.002,BTCUSDT
2025-09-30 00:00:05.976,114256.4,0.003,BTCUSDT
2025-09-30 00:00:05.976,114256.5,0.001,BTCUSDT
2025-09-30 00:00:05.976,114256.7,0.001,BTCUSDT
2025-09-30 00:00:05.988,114257.1,0.002,BTCUSDT
2025-09-30 00:00:05.988,114257.1,0.008,BTCUSDT
2025-09-30 00:00:06.138,114257.0,0.805,BTCUSDT
2025-09-30 00:00:06.138,114257.0,0.5,BTCUSDT
2025-09-30 00:00:06.138,114257.0,0.314,BTCUSDT
2025-09-30 00:00:06.138,114257.0,0.314,BTCUSDT
2025-09-30 00:00:06.138,114257.0,0.314,BTCUSDT
2025-09-30 00:00:06.138,114257.0,0.314,BTCUSDT
2025-09-30 00:00:06.138,114257.0,0.278,BTCUSDT
2025-09-30 00:00:06.138,114257.0,0.314,BTCUSDT
2025-09-30 00:00:06.138,114257.0,0.61,BTCUSDT
2025-09-30 00:00:06.138,114257.0,0.314,BTCUSDT
2025-09-30 00:00:06.138,114257.0,0.372,BTCUSDT
2025-09-30 00:00:06.356,114257.0,0.001,BTCUSDT
2025-09-30 00:00:06.356,114257.0,0.04,BTCUSDT
2025-09-30 00:00:06.356,114257.0,0.001,BTCUSDT
2025-09-30 00:00:06.356,114257.0,0.001,BTCUSDT
2025-09-30 00:00:06.356,114257.0,0.045,BTCUSDT
2025-09-30 00:00:06.391,114257.1,0.009,BTCUSDT
2025-09-30 00:00:06.394,114257.1,0.011,BTCUSDT
2025-09-30 00:00:06.441,114257.0,0.003,BTCUSDT
2025-09-30 00:00:06.575,114257.1,0.007,BTCUSDT
2025-09-30 00:00:06.627,114257.0,0.055,BTCUSDT
2025-09-30 00:00:06.627,114257.0,0.103,BTCUSDT
2025-09-30 00:00:06.627,114257.0,0.138,BTCUSDT
2025-09-30 00:00:06.627,114257.0,0.138,BTCUSDT
2025-09-30 00:00:06.627,114257.0,0.118,BTCUSDT
2025-09-30 00:00:06.627,114257.0,0.001,BTCUSDT
2025-09-30 00:00:06.627,114257.0,0.064,BTCUSDT
2025-09-30 00:00:06.627,114257.0,0.118,BTCUSDT
2025-09-30 00:00:06.627,114257.0,0.031,BTCUSDT
2025-09-30 00:00:06.627,114257.0,0.064,BTCUSDT
2025-09-30 00:00:06.627,114257.0,0.064,BTCUSDT
2025-09-30 00:00:06.627,114257.0,0.064,BTCUSDT
2025-09-30 00:00:06.627,114257.0,0.064,BTCUSDT
2025-09-30 00:00:06.627,114257.0,0.125,BTCUSDT
2025-09-30 00:00:06.627,114257.0,0.27,BTCUSDT
2025-09-30 00:00:06.627,114257.0,0.001,BTCUSDT
2025-09-30 00:00:06.627,114257.0,0.042,BTCUSDT
2025-09-30 00:00:06.627,114257.0,0.001,BTCUSDT
2025-09-30 00:00:06.627,114257.0,0.001,BTCUSDT
2025-09-30 00:00:06.627,114257.0,0.087,BTCUSDT
2025-09-30 00:00:06.627,114257.0,0.087,BTCUSDT
2025-09-30 00:00:06.627,114257.0,0.08,BTCUSDT
2025-09-30 00:00:06.627,114257.0,0.469,BTCUSDT
2025-09-30 00:00:06.627,114257.0,0.47,BTCUSDT
2025-09-30 00:00:06.627,114257.0,0.223,BTCUSDT
2025-09-30 00:00:06.627,114257.0,0.001,BTCUSDT
2025-09-30 00:00:06.627,114257.0,0.153,BTCUSDT
2025-09-30 00:00:06.627,114257.0,0.065,BTCUSDT
2025-09-30 00:00:06.627,114257.0,0.177,BTCUSDT
2025-09-30 00:00:06.627,114257.0,0.158,BTCUSDT
2025-09-30 00:00:06.627,114257.0,0.375,BTCUSDT
2025-09-30 00:00:06.627,114257.0,0.25,BTCUSDT
2025-09-30 00:00:06.627,114257.0,0.178,BTCUSDT
2025-09-30 00:00:06.627,114257.0,0.208,BTCUSDT
2025-09-30 00:00:06.627,114257.0,0.176,BTCUSDT
2025-09-30 00:00:06.627,114257.0,0.652,BTCUSDT
2025-09-30 00:00:06.627,114257.0,0.495,BTCUSDT
2025-09-30 00:00:06.627,114257.0,1.0,BTCUSDT
2025-09-30 00:00:06.627,114257.0,0.001,BTCUSDT
2025-09-30 00:00:06.627,114257.0,0.005,BTCUSDT
2025-09-30 00:00:06.627,114257.0,0.002,BTCUSDT
2025-09-30 00:00:06.627,114257.0,0.002,BTCUSDT
2025-09-30 00:00:06.627,114257.0,0.514,BTCUSDT
2025-09-30 00:00:06.627,114257.0,0.5,BTCUSDT
2025-09-30 00:00:06.627,114257.0,0.002,BTCUSDT
2025-09-30 00:00:06.627,114257.0,0.002,BTCUSDT
2025-09-30 00:00:06.627,114257.0,0.002,BTCUSDT
2025-09-30 00:00:06.627,114257.0,0.002,BTCUSDT
2025-09-30 00:00:06.627,114257.0,0.014,BTCUSDT
2025-09-30 00:00:06.627,114257.0,0.006,BTCUSDT
2025-09-30 00:00:06.627,114257.0,0.001,BTCUSDT
2025-09-30 00:00:06.627,114257.0,0.009,BTCUSDT
2025-09-30 00:00:06.627,114256.9,0.001,BTCUSDT
2025-09-30 00:00:06.627,114256.9,0.001,BTCUSDT
2025-09-30 00:00:06.627,114256.9,0.001,BTCUSDT
2025-09-30 00:00:06.627,114256.6,0.002,BTCUSDT
2025-09-30 00:00:06.627,114256.3,0.006,BTCUSDT
2025-09-30 00:00:06.627,114256.2,0.001,BTCUSDT
2025-09-30 00:00:06.627,114256.1,0.002,BTCUSDT
2025-09-30 00:00:06.627,114255.8,0.006,BTCUSDT
2025-09-30 00:00:06.627,114255.5,0.002,BTCUSDT
2025-09-30 00:00:06.627,114255.5,0.002,BTCUSDT
2025-09-30 00:00:06.627,114255.0,0.001,BTCUSDT
2025-09-30 00:00:06.627,114254.9,0.002,BTCUSDT
2025-09-30 00:00:06.627,114254.7,0.001,BTCUSDT
2025-09-30 00:00:06.627,114254.4,0.015,BTCUSDT
2025-09-30 00:00:06.627,114254.4,0.07,BTCUSDT
2025-09-30 00:00:06.627,114254.3,0.001,BTCUSDT
2025-09-30 00:00:06.627,114254.3,0.001,BTCUSDT
2025-09-30 00:00:06.627,114254.3,0.002,BTCUSDT
2025-09-30 00:00:06.627,114254.3,0.002,BTCUSDT
2025-09-30 00:00:06.627,114254.1,0.002,BTCUSDT
2025-09-30 00:00:06.627,114254.0,0.001,BTCUSDT
2025-09-30 00:00:06.627,114253.6,0.002,BTCUSDT
2025-09-30 00:00:06.627,114253.3,0.002,BTCUSDT
2025-09-30 00:00:06.627,114253.2,0.001,BTCUSDT
2025-09-30 00:00:06.627,114253.0,0.001,BTCUSDT
2025-09-30 00:00:06.627,114252.7,0.002,BTCUSDT
2025-09-30 00:00:06.627,114252.7,0.001,BTCUSDT
2025-09-30 00:00:06.627,114252.5,0.002,BTCUSDT
2025-09-30 00:00:06.627,114252.3,0.001,BTCUSDT
2025-09-30 00:00:06.627,114251.9,0.001,BTCUSDT
2025-09-30 00:00:06.627,114251.9,0.001,BTCUSDT
2025-09-30 00:00:06.627,114251.9,0.002,BTCUSDT
2025-09-30 00:00:06.627,114251.9,0.006,BTCUSDT
2025-09-30 00:00:06.627,114251.7,0.002,BTCUSDT
2025-09-30 00:00:06.627,114251.3,0.06,BTCUSDT
2025-09-30 00:00:06.627,114251.3,0.003,BTCUSDT
2025-09-30 00:00:06.627,114251.3,0.001,BTCUSDT
2025-09-30 00:00:06.627,114251.2,0.478,BTCUSDT
2025-09-30 00:00:06.627,114250.9,0.002,BTCUSDT
2025-09-30 00:00:06.627,114250.8,0.002,BTCUSDT
2025-09-30 00:00:06.627,114250.6,0.005,BTCUSDT
2025-09-30 00:00:06.627,114250.6,0.067,BTCUSDT
2025-09-30 00:00:06.627,114250.5,0.001,BTCUSDT
2025-09-30 00:00:06.627,114250.3,0.087,BTCUSDT
2025-09-30 00:00:06.627,114250.2,0.002,BTCUSDT
2025-09-30 00:00:06.627,114250.2,0.001,BTCUSDT
2025-09-30 00:00:06.627,114250.2,0.001,BTCUSDT
2025-09-30 00:00:06.627,114250.1,0.533,BTCUSDT
2025-09-30 00:00:06.627,114250.0,0.001,BTCUSDT
2025-09-30 00:00:06.627,114250.0,0.001,BTCUSDT
2025-09-30 00:00:06.627,114249.8,0.002,BTCUSDT
2025-09-30 00:00:06.627,114249.6,0.001,BTCUSDT
2025-09-30 00:00:06.627,114249.5,0.002,BTCUSDT
2025-09-30 00:00:06.627,114249.5,0.027,BTCUSDT
2025-09-30 00:00:06.627,114249.4,0.001,BTCUSDT
2025-09-30 00:00:06.627,114249.3,0.065,BTCUSDT
2025-09-30 00:00:06.627,114249.3,0.001,BTCUSDT
2025-09-30 00:00:06.627,114249.3,1.332,BTCUSDT
2025-09-30 00:00:06.627,114249.2,0.35,BTCUSDT
2025-09-30 00:00:06.711,114249.3,0.001,BTCUSDT
2025-09-30 00:00:06.711,114249.3,0.001,BTCUSDT
2025-09-30 00:00:06.711,114249.3,0.001,BTCUSDT
2025-09-30 00:00:06.711,114249.3,0.001,BTCUSDT
2025-09-30 00:00:06.711,114249.3,0.001,BTCUSDT
2025-09-30 00:00:06.711,114249.3,0.043,BTCUSDT
2025-09-30 00:00:06.711,114249.3,0.001,BTCUSDT
2025-09-30 00:00:06.711,114249.3,0.001,BTCUSDT
2025-09-30 00:00:06.711,114249.3,0.005,BTCUSDT
2025-09-30 00:00:06.711,114249.3,0.006,BTCUSDT
2025-09-30 00:00:06.711,114249.4,0.002,BTCUSDT
2025-09-30 00:00:06.711,114249.4,0.001,BTCUSDT
2025-09-30 00:00:06.711,114249.4,0.001,BTCUSDT
2025-09-30 00:00:06.711,114249.6,0.001,BTCUSDT
2025-09-30 00:00:06.711,114249.6,0.001,BTCUSDT
2025-09-30 00:00:06.711,114249.6,0.001,BTCUSDT
2025-09-30 00:00:06.712,114250.0,0.001,BTCUSDT
2025-09-30 00:00:06.712,114250.0,0.069,BTCUSDT
2025-09-30 00:00:06.712,114250.0,0.028,BTCUSDT
2025-09-30 00:00:06.714,114250.2,0.001,BTCUSDT
2025-09-30 00:00:06.714,114250.2,0.001,BTCUSDT
2025-09-30 00:00:06.714,114250.2,0.001,BTCUSDT
2025-09-30 00:00:06.714,114251.2,0.002,BTCUSDT
2025-09-30 00:00:06.714,114251.6,0.001,BTCUSDT
2025-09-30 00:00:06.714,114251.9,0.002,BTCUSDT
2025-09-30 00:00:06.714,114252.1,0.002,BTCUSDT
2025-09-30 00:00:06.714,114252.5,0.002,BTCUSDT
2025-09-30 00:00:06.714,114253.1,0.002,BTCUSDT
2025-09-30 00:00:06.714,114253.2,0.001,BTCUSDT
2025-09-30 00:00:06.714,114253.2,0.002,BTCUSDT
2025-09-30 00:00:06.714,114253.7,0.002,BTCUSDT
2025-09-30 00:00:06.714,114254.2,0.011,BTCUSDT
2025-09-30 00:00:06.714,114254.3,0.002,BTCUSDT
2025-09-30 00:00:06.714,114254.4,0.002,BTCUSDT
2025-09-30 00:00:06.714,114255.0,0.002,BTCUSDT
2025-09-30 00:00:06.714,114255.0,0.059,BTCUSDT
2025-09-30 00:00:06.716,114255.0,0.001,BTCUSDT
2025-09-30 00:00:06.716,114255.4,0.002,BTCUSDT
2025-09-30 00:00:06.716,114255.7,0.001,BTCUSDT
2025-09-30 00:00:06.716,114255.9,0.005,BTCUSDT
2025-09-30 00:00:06.716,114256.3,0.002,BTCUSDT
2025-09-30 00:00:06.721,114256.4,0.002,BTCUSDT
2025-09-30 00:00:06.721,114256.4,0.001,BTCUSDT
2025-09-30 00:00:06.747,114256.3,0.022,BTCUSDT
2025-09-30 00:00:06.760,114256.4,0.01,BTCUSDT
2025-09-30 00:00:06.775,114256.4,0.002,BTCUSDT
2025-09-30 00:00:06.789,114256.4,0.008,BTCUSDT
2025-09-30 00:00:06.869,114256.4,0.007,BTCUSDT
2025-09-30 00:00:06.944,114256.4,0.888,BTCUSDT
2025-09-30 00:00:06.944,114256.4,0.001,BTCUSDT
2025-09-30 00:00:06.944,114256.4,0.001,BTCUSDT
2025-09-30 00:00:06.944,114256.4,0.001,BTCUSDT
2025-09-30 00:00:06.944,114256.4,0.109,BTCUSDT
2025-09-30 00:00:06.948,114256.4,0.002,BTCUSDT
2025-09-30 00:00:06.950,114256.3,0.167,BTCUSDT
2025-09-30 00:00:07.054,114256.3,0.211,BTCUSDT
2025-09-30 00:00:07.084,114256.4,0.01,BTCUSDT
2025-09-30 00:00:07.167,114256.4,0.076,BTCUSDT
2025-09-30 00:00:07.192,114256.4,0.011,BTCUSDT
2025-09-30 00:00:07.195,114256.4,0.007,BTCUSDT
2025-09-30 00:00:07.289,114256.3,0.088,BTCUSDT
2025-09-30 00:00:07.292,114256.4,0.108,BTCUSDT
2025-09-30 00:00:07.292,114256.4,0.125,BTCUSDT
2025-09-30 00:00:07.292,114256.4,0.299,BTCUSDT
2025-09-30 00:00:07.292,114256.4,0.653,BTCUSDT
2025-09-30 00:00:07.305,114256.4,0.08,BTCUSDT
2025-09-30 00:00:07.383,114256.4,0.013,BTCUSDT
2025-09-30 00:00:07.414,114256.4,0.001,BTCUSDT
2025-09-30 00:00:07.435,114256.3,0.012,BTCUSDT
2025-09-30 00:00:07.435,114256.3,0.001,BTCUSDT
2025-09-30 00:00:07.435,114256.3,0.018,BTCUSDT
2025-09-30 00:00:07.499,114256.4,0.002,BTCUSDT
2025-09-30 00:00:07.533,114256.4,0.017,BTCUSDT
2025-09-30 00:00:07.551,114256.4,0.014,BTCUSDT
2025-09-30 00:00:07.558,114256.3,0.622,BTCUSDT
2025-09-30 00:00:07.558,114256.3,0.031,BTCUSDT
2025-09-30 00:00:07.558,114256.3,0.151,BTCUSDT
2025-09-30 00:00:07.564,114256.4,0.007,BTCUSDT
2025-09-30 00:00:07.565,114256.3,0.125,BTCUSDT
2025-09-30 00:00:07.565,114256.3,0.001,BTCUSDT
2025-09-30 00:00:07.565,114256.3,0.177,BTCUSDT
2025-09-30 00:00:07.565,114256.3,0.237,BTCUSDT
2025-09-30 00:00:07.565,114256.3,0.299,BTCUSDT
2025-09-30 00:00:07.565,114256.3,0.207,BTCUSDT
2025-09-30 00:00:07.565,114256.3,0.008,BTCUSDT
2025-09-30 00:00:07.565,114256.3,0.051,BTCUSDT
2025-09-30 00:00:07.565,114256.3,0.114,BTCUSDT
2025-09-30 00:00:07.565,114256.3,0.053,BTCUSDT
2025-09-30 00:00:07.565,114256.3,0.323,BTCUSDT
2025-09-30 00:00:07.565,114256.3,1.097,BTCUSDT
2025-09-30 00:00:07.565,114256.3,0.125,BTCUSDT
2025-09-30 00:00:07.565,114256.3,0.04,BTCUSDT
2025-09-30 00:00:07.565,114256.3,0.011,BTCUSDT
2025-09-30 00:00:07.565,114256.3,0.001,BTCUSDT
2025-09-30 00:00:07.565,114256.3,0.623,BTCUSDT
2025-09-30 00:00:07.565,114256.3,0.004,BTCUSDT
2025-09-30 00:00:07.565,114256.3,0.006,BTCUSDT
2025-09-30 00:00:07.565,114256.3,0.001,BTCUSDT
2025-09-30 00:00:07.565,114256.3,0.158,BTCUSDT
2025-09-30 00:00:07.565,114256.3,0.181,BTCUSDT
2025-09-30 00:00:07.565,114256.3,0.701,BTCUSDT
2025-09-30 00:00:07.565,114256.3,0.001,BTCUSDT
2025-09-30 00:00:07.565,114256.3,0.087,BTCUSDT
2025-09-30 00:00:07.565,114256.3,0.087,BTCUSDT
2025-09-30 00:00:07.565,114256.3,0.001,BTCUSDT
2025-09-30 00:00:07.565,114256.3,0.001,BTCUSDT
2025-09-30 00:00:07.565,114256.3,0.593,BTCUSDT
2025-09-30 00:00:07.565,114256.3,0.875,BTCUSDT
2025-09-30 00:00:07.565,114256.3,0.289,BTCUSDT
2025-09-30 00:00:07.565,114256.3,0.01,BTCUSDT
2025-09-30 00:00:07.565,114256.3,0.356,BTCUSDT
2025-09-30 00:00:07.565,114256.3,0.002,BTCUSDT
2025-09-30 00:00:07.565,114256.3,0.049,BTCUSDT
2025-09-30 00:00:07.594,114256.4,0.006,BTCUSDT
2025-09-30 00:00:07.636,114256.3,0.002,BTCUSDT
2025-09-30 00:00:07.711,114256.4,0.048,BTCUSDT
2025-09-30 00:00:07.841,114256.4,0.116,BTCUSDT
2025-09-30 00:00:07.995,114256.4,0.012,BTCUSDT
2025-09-30 00:00:08.000,114256.4,0.012,BTCUSDT
2025-09-30 00:00:08.002,114256.4,0.013,BTCUSDT
2025-09-30 00:00:08.033,114256.3,0.096,BTCUSDT
2025-09-30 00:00:08.149,114256.4,0.007,BTCUSDT
2025-09-30 00:00:08.163,114256.4,0.095,BTCUSDT
2025-09-30 00:00:08.186,114256.4,0.006,BTCUSDT
2025-09-30 00:00:08.199,114256.4,0.002,BTCUSDT
2025-09-30 00:00:08.287,114256.4,0.017,BTCUSDT
2025-09-30 00:00:08.289,114256.4,0.001,BTCUSDT
2025-09-30 00:00:08.320,114256.3,0.088,BTCUSDT
2025-09-30 00:00:08.330,114256.4,0.001,BTCUSDT
2025-09-30 00:00:08.336,114256.4,0.042,BTCUSDT
2025-09-30 00:00:08.337,114256.4,0.001,BTCUSDT
2025-09-30 00:00:08.338,114256.4,0.002,BTCUSDT
2025-09-30 00:00:08.338,114256.4,0.003,BTCUSDT
2025-09-30 00:00:08.338,114256.4,0.011,BTCUSDT
2025-09-30 00:00:08.338,114256.4,0.009,BTCUSDT
2025-09-30 00:00:08.338,114256.4,0.011,BTCUSDT
2025-09-30 00:00:08.339,114256.4,0.2,BTCUSDT
2025-09-30 00:00:08.339,114256.4,0.009,BTCUSDT
2025-09-30 00:00:08.340,114256.4,0.003,BTCUSDT
2025-09-30 00:00:08.353,114256.3,0.001,BTCUSDT
2025-09-30 00:00:08.367,114256.4,0.008,BTCUSDT
2025-09-30 00:00:08.399,114256.4,0.011,BTCUSDT
2025-09-30 00:00:08.505,114256.4,0.004,BTCUSDT
2025-09-30 00:00:08.528,114256.4,0.018,BTCUSDT
2025-09-30 00:00:08.630,114256.3,1.004,BTCUSDT
2025-09-30 00:00:08.630,114256.3,0.001,BTCUSDT
2025-09-30 00:00:08.630,114256.3,0.031,BTCUSDT
2025-09-30 00:00:08.630,114256.3,0.166,BTCUSDT
2025-09-30 00:00:08.630,114256.3,0.001,BTCUSDT
2025-09-30 00:00:08.630,114256.3,0.001,BTCUSDT
2025-09-30 00:00:08.630,114256.3,0.323,BTCUSDT
2025-09-30 00:00:08.630,114256.3,0.001,BTCUSDT
2025-09-30 00:00:08.630,114256.3,0.177,BTCUSDT
2025-09-30 00:00:08.630,114256.3,0.299,BTCUSDT
2025-09-30 00:00:08.630,114256.3,0.169,BTCUSDT
2025-09-30 00:00:08.630,114256.3,0.91,BTCUSDT
2025-09-30 00:00:08.630,114256.3,0.033,BTCUSDT
2025-09-30 00:00:08.630,114256.3,0.002,BTCUSDT
2025-09-30 00:00:08.630,114256.3,0.002,BTCUSDT
2025-09-30 00:00:08.630,114256.3,0.008,BTCUSDT
2025-09-30 00:00:08.630,114256.3,0.001,BTCUSDT
2025-09-30 00:00:08.630,114256.3,0.097,BTCUSDT
2025-09-30 00:00:08.630,114256.3,0.002,BTCUSDT
2025-09-30 00:00:08.630,114256.3,0.098,BTCUSDT
2025-09-30 00:00:08.630,114256.3,0.875,BTCUSDT
2025-09-30 00:00:08.630,114256.3,0.002,BTCUSDT
2025-09-30 00:00:08.630,114256.2,0.001,BTCUSDT
2025-09-30 00:00:08.630,114256.2,0.001,BTCUSDT
2025-09-30 00:00:08.630,114256.2,0.001,BTCUSDT
2025-09-30 00:00:08.630,114256.2,0.001,BTCUSDT
2025-09-30 00:00:08.630,114256.2,0.001,BTCUSDT
2025-09-30 00:00:08.630,114256.2,0.006,BTCUSDT
2025-09-30 00:00:08.630,114256.2,0.298,BTCUSDT
2025-09-30 00:00:08.630,114256.1,0.001,BTCUSDT
2025-09-30 00:00:08.630,114255.8,0.001,BTCUSDT
2025-09-30 00:00:08.630,114255.8,0.001,BTCUSDT
2025-09-30 00:00:08.630,114255.8,0.001,BTCUSDT
2025-09-30 00:00:08.630,114255.8,0.001,BTCUSDT
2025-09-30 00:00:08.630,114255.8,0.001,BTCUSDT
2025-09-30 00:00:08.630,114255.8,0.001,BTCUSDT
2025-09-30 00:00:08.630,114255.8,0.001,BTCUSDT
2025-09-30 00:00:08.630,114255.1,0.002,BTCUSDT
2025-09-30 00:00:08.630,114254.5,0.002,BTCUSDT
2025-09-30 00:00:08.630,114254.3,0.002,BTCUSDT
2025-09-30 00:00:08.630,114254.0,0.001,BTCUSDT
2025-09-30 00:00:08.630,114253.8,0.002,BTCUSDT
2025-09-30 00:00:08.630,114253.6,0.002,BTCUSDT
2025-09-30 00:00:08.630,114253.2,0.002,BTCUSDT
2025-09-30 00:00:08.630,114253.2,0.001,BTCUSDT
2025-09-30 00:00:08.630,114252.6,0.002,BTCUSDT
2025-09-30 00:00:08.630,114252.6,0.001,BTCUSDT
2025-09-30 00:00:08.630,114252.3,0.001,BTCUSDT
2025-09-30 00:00:08.630,114252.1,0.002,BTCUSDT
2025-09-30 00:00:08.630,114252.0,0.002,BTCUSDT
2025-09-30 00:00:08.630,114251.8,0.003,BTCUSDT
2025-09-30 00:00:08.630,114251.0,0.002,BTCUSDT
2025-09-30 00:00:08.630,114251.0,0.002,BTCUSDT
2025-09-30 00:00:08.630,114250.9,0.001,BTCUSDT
2025-09-30 00:00:08.630,114250.6,0.005,BTCUSDT
2025-09-30 00:00:08.630,114250.6,0.06,BTCUSDT
2025-09-30 00:00:08.630,114250.6,0.003,BTCUSDT
2025-09-30 00:00:08.630,114250.5,0.001,BTCUSDT
2025-09-30 00:00:08.630,114250.5,0.533,BTCUSDT
2025-09-30 00:00:08.630,114250.5,0.002,BTCUSDT
2025-09-30 00:00:08.630,114250.4,0.002,BTCUSDT
2025-09-30 00:00:08.630,114250.2,0.002,BTCUSDT
2025-09-30 00:00:08.630,114250.1,0.002,BTCUSDT
2025-09-30 00:00:08.630,114250.0,0.001,BTCUSDT
2025-09-30 00:00:08.630,114250.0,0.001,BTCUSDT
2025-09-30 00:00:08.630,114249.9,0.087,BTCUSDT
2025-09-30 00:00:08.630,114249.8,0.002,BTCUSDT
2025-09-30 00:00:08.630,114249.3,0.001,BTCUSDT
2025-09-30 00:00:08.630,114249.2,0.25,BTCUSDT
2025-09-30 00:00:08.630,114249.2,0.002,BTCUSDT
2025-09-30 00:00:08.630,114249.2,0.028,BTCUSDT
2025-09-30 00:00:08.630,114249.2,0.002,BTCUSDT
2025-09-30 00:00:08.630,114249.2,0.001,BTCUSDT
2025-09-30 00:00:08.630,114249.1,0.027,BTCUSDT
2025-09-30 00:00:08.630,114249.1,0.002,BTCUSDT
2025-09-30 00:00:08.630,114249.0,0.662,BTCUSDT
2025-09-30 00:00:08.630,114248.9,0.088,BTCUSDT
2025-09-30 00:00:08.630,114248.9,0.001,BTCUSDT
2025-09-30 00:00:08.630,114248.6,0.001,BTCUSDT
2025-09-30 00:00:08.630,114248.6,0.002,BTCUSDT
2025-09-30 00:00:08.630,114248.6,0.002,BTCUSDT
2025-09-30 00:00:08.630,114248.6,0.002,BTCUSDT
2025-09-30 00:00:08.630,114248.0,0.002,BTCUSDT
2025-09-30 00:00:08.630,114248.0,0.05,BTCUSDT
2025-09-30 00:00:08.630,114248.0,0.002,BTCUSDT
2025-09-30 00:00:08.630,114247.8,0.001,BTCUSDT
2025-09-30 00:00:08.630,114247.5,0.002,BTCUSDT
2025-09-30 00:00:08.630,114247.5,0.002,BTCUSDT
2025-09-30 00:00:08.630,114247.4,0.002,BTCUSDT
2025-09-30 00:00:08.630,114247.1,0.065,BTCUSDT
2025-09-30 00:00:08.630,114247.1,0.087,BTCUSDT
2025-09-30 00:00:08.630,114247.0,0.001,BTCUSDT
2025-09-30 00:00:08.630,114246.8,0.002,BTCUSDT
2025-09-30 00:00:08.630,114246.5,0.002,BTCUSDT
2025-09-30 00:00:08.630,114246.3,0.001,BTCUSDT
2025-09-30 00:00:08.630,114246.2,0.002,BTCUSDT
2025-09-30 00:00:08.630,114246.2,0.001,BTCUSDT
2025-09-30 00:00:08.630,114246.2,0.184,BTCUSDT
2025-09-30 00:00:08.630,114246.1,1.225,BTCUSDT
2025-09-30 00:00:08.630,114246.0,0.131,BTCUSDT
2025-09-30 00:00:08.630,114246.0,0.001,BTCUSDT
2025-09-30 00:00:08.630,114245.9,0.001,BTCUSDT
2025-09-30 00:00:08.630,114245.8,0.002,BTCUSDT
2025-09-30 00:00:08.630,114245.8,0.519,BTCUSDT
2025-09-30 00:00:08.630,114245.7,0.088,BTCUSDT
2025-09-30 00:00:08.630,114245.6,0.001,BTCUSDT
2025-09-30 00:00:08.630,114245.6,1.5,BTCUSDT
2025-09-30 00:00:08.630,114245.5,0.001,BTCUSDT
2025-09-30 00:00:08.630,114245.5,0.002,BTCUSDT
2025-09-30 00:00:08.630,114245.4,0.478,BTCUSDT
2025-09-30 00:00:08.630,114245.1,0.002,BTCUSDT
2025-09-30 00:00:08.630,114245.0,0.001,BTCUSDT
2025-09-30 00:00:08.630,114245.0,0.002,BTCUSDT
2025-09-30 00:00:08.630,114245.0,0.318,BTCUSDT
2025-09-30 00:00:08.636,114245.1,0.003,BTCUSDT
2025-09-30 00:00:08.683,114245.0,0.001,BTCUSDT
2025-09-30 00:00:08.683,114245.0,0.001,BTCUSDT
2025-09-30 00:00:08.683,114245.0,0.001,BTCUSDT
2025-09-30 00:00:08.683,114245.0,0.017,BTCUSDT
2025-09-30 00:00:08.713,114245.1,0.52,BTCUSDT
2025-09-30 00:00:08.713,114245.1,0.001,BTCUSDT
2025-09-30 00:00:08.713,114245.1,0.001,BTCUSDT
2025-09-30 00:00:08.713,114245.1,0.505,BTCUSDT
2025-09-30 00:00:08.722,114245.0,1.045,BTCUSDT
2025-09-30 00:00:08.722,114245.0,0.001,BTCUSDT
2025-09-30 00:00:08.722,114245.0,0.001,BTCUSDT
2025-09-30 00:00:08.722,114245.0,0.18,BTCUSDT
2025-09-30 00:00:08.722,114245.0,0.157,BTCUSDT
2025-09-30 00:00:08.722,114245.0,0.001,BTCUSDT
2025-09-30 00:00:08.722,114245.0,0.276,BTCUSDT
2025-09-30 00:00:08.722,114245.0,0.177,BTCUSDT
2025-09-30 00:00:08.722,114245.0,0.169,BTCUSDT
2025-09-30 00:00:08.722,114245.0,0.146,BTCUSDT
2025-09-30 00:00:08.722,114245.0,0.158,BTCUSDT
2025-09-30 00:00:08.722,114245.0,0.053,BTCUSDT
2025-09-30 00:00:08.722,114245.0,0.001,BTCUSDT
2025-09-30 00:00:08.722,114245.0,0.178,BTCUSDT
2025-09-30 00:00:08.722,114245.0,0.179,BTCUSDT
2025-09-30 00:00:08.722,114245.0,0.991,BTCUSDT
2025-09-30 00:00:08.722,114245.0,0.002,BTCUSDT
2025-09-30 00:00:08.722,114245.0,0.001,BTCUSDT
2025-09-30 00:00:08.722,114245.0,0.18,BTCUSDT
2025-09-30 00:00:08.722,114245.0,0.158,BTCUSDT
2025-09-30 00:00:08.722,114245.0,0.087,BTCUSDT
2025-09-30 00:00:08.722,114245.0,0.177,BTCUSDT
2025-09-30 00:00:08.722,114245.0,0.991,BTCUSDT
2025-09-30 00:00:08.722,114245.0,0.157,BTCUSDT
2025-09-30 00:00:08.722,114245.0,0.087,BTCUSDT
2025-09-30 00:00:08.722,114245.0,0.001,BTCUSDT
2025-09-30 00:00:08.722,114245.0,0.646,BTCUSDT
2025-09-30 00:00:08.722,114245.0,0.272,BTCUSDT
2025-09-30 00:00:08.722,114245.0,0.031,BTCUSDT
2025-09-30 00:00:08.722,114245.0,0.235,BTCUSDT
2025-09-30 00:00:08.722,114245.0,0.299,BTCUSDT
2025-09-30 00:00:08.722,114245.0,0.95,BTCUSDT
2025-09-30 00:00:08.722,114245.0,0.002,BTCUSDT
2025-09-30 00:00:08.722,114245.0,0.002,BTCUSDT
2025-09-30 00:00:08.722,114245.0,0.346,BTCUSDT
2025-09-30 00:00:08.722,114245.0,0.001,BTCUSDT
2025-09-30 00:00:08.722,114245.0,0.25,BTCUSDT
2025-09-30 00:00:08.722,114245.0,0.15,BTCUSDT
2025-09-30 00:00:08.722,114245.0,0.15,BTCUSDT
2025-09-30 00:00:08.722,114245.0,0.002,BTCUSDT
2025-09-30 00:00:08.722,114244.9,1.313,BTCUSDT
2025-09-30 00:00:08.722,114244.9,0.055,BTCUSDT
2025-09-30 00:00:08.722,114244.9,4.178,BTCUSDT
2025-09-30 00:00:08.725,114245.0,0.001,BTCUSDT
2025-09-30 00:00:08.725,114245.0,0.177,BTCUSDT
2025-09-30 00:00:08.725,114245.0,0.323,BTCUSDT
2025-09-30 00:00:08.725,114245.0,0.125,BTCUSDT
2025-09-30 00:00:08.725,114245.0,1.001,BTCUSDT
2025-09-30 00:00:08.725,114245.0,0.207,BTCUSDT
2025-09-30 00:00:08.725,114245.0,0.053,BTCUSDT
2025-09-30 00:00:08.725,114245.0,0.276,BTCUSDT
2025-09-30 00:00:08.725,114245.0,0.237,BTCUSDT
2025-09-30 00:00:08.725,114245.0,0.002,BTCUSDT
2025-09-30 00:00:08.725,114245.0,0.486,BTCUSDT
2025-09-30 00:00:08.725,114245.0,1.0,BTCUSDT
2025-09-30 00:00:08.725,114245.0,0.001,BTCUSDT
2025-09-30 00:00:08.725,114245.0,0.002,BTCUSDT
2025-09-30 00:00:08.725,114245.0,0.25,BTCUSDT
2025-09-30 00:00:08.725,114245.0,0.001,BTCUSDT
2025-09-30 00:00:08.725,114244.9,4.48,BTCUSDT
2025-09-30 00:00:08.725,114244.9,0.001,BTCUSDT
2025-09-30 00:00:08.725,114244.9,0.001,BTCUSDT
2025-09-30 00:00:08.725,114244.9,0.006,BTCUSDT
2025-09-30 00:00:08.725,114244.8,0.003,BTCUSDT
2025-09-30 00:00:08.725,114244.8,0.002,BTCUSDT
2025-09-30 00:00:08.725,114244.7,0.002,BTCUSDT
2025-09-30 00:00:08.725,114244.1,0.002,BTCUSDT
2025-09-30 00:00:08.725,114243.5,0.001,BTCUSDT
2025-09-30 00:00:08.725,114243.3,0.002,BTCUSDT
2025-09-30 00:00:08.725,114243.3,0.001,BTCUSDT
2025-09-30 00:00:08.725,114242.8,0.001,BTCUSDT
2025-09-30 00:00:08.725,114242.7,0.002,BTCUSDT
2025-09-30 00:00:08.725,114242.7,0.001,BTCUSDT
2025-09-30 00:00:08.725,114242.6,0.001,BTCUSDT
2025-09-30 00:00:08.725,114242.4,0.001,BTCUSDT
2025-09-30 00:00:08.725,114242.2,0.001,BTCUSDT
2025-09-30 00:00:08.725,114242.1,0.002,BTCUSDT
2025-09-30 00:00:08.725,114242.1,0.002,BTCUSDT
2025-09-30 00:00:08.725,114241.5,0.002,BTCUSDT
2025-09-30 00:00:08.725,114241.0,0.002,BTCUSDT
2025-09-30 00:00:08.725,114240.9,0.001,BTCUSDT
2025-09-30 00:00:08.726,114240.8,0.002,BTCUSDT
2025-09-30 00:00:08.726,114240.6,0.002,BTCUSDT
2025-09-30 00:00:08.726,114240.6,0.002,BTCUSDT
2025-09-30 00:00:08.726,114240.4,0.001,BTCUSDT
2025-09-30 00:00:08.726,114240.0,0.001,BTCUSDT
2025-09-30 00:00:08.726,114240.0,0.002,BTCUSDT
2025-09-30 00:00:08.726,114240.0,0.001,BTCUSDT
2025-09-30 00:00:08.726,114240.0,0.001,BTCUSDT
2025-09-30 00:00:08.726,114240.0,0.001,BTCUSDT
2025-09-30 00:00:08.726,114240.0,0.002,BTCUSDT
2025-09-30 00:00:08.726,114239.9,0.002,BTCUSDT
2025-09-30 00:00:08.726,114239.8,0.001,BTCUSDT
2025-09-30 00:00:08.726,114239.8,0.005,BTCUSDT
2025-09-30 00:00:08.726,114239.4,0.002,BTCUSDT
2025-09-30 00:00:08.726,114239.4,0.001,BTCUSDT
2025-09-30 00:00:08.726,114239.4,0.001,BTCUSDT
2025-09-30 00:00:08.726,114239.3,0.06,BTCUSDT
2025-09-30 00:00:08.726,114239.3,0.003,BTCUSDT
2025-09-30 00:00:08.726,114239.3,0.193,BTCUSDT
2025-09-30 00:00:08.726,114239.2,0.001,BTCUSDT
2025-09-30 00:00:08.726,114239.2,0.002,BTCUSDT
2025-09-30 00:00:08.726,114239.2,0.001,BTCUSDT
2025-09-30 00:00:08.726,114239.2,0.478,BTCUSDT
2025-09-30 00:00:08.726,114239.1,0.001,BTCUSDT
2025-09-30 00:00:08.726,114239.0,0.975,BTCUSDT
2025-09-30 00:00:08.726,114238.8,0.002,BTCUSDT
2025-09-30 00:00:08.726,114238.8,0.001,BTCUSDT
2025-09-30 00:00:08.726,114238.7,0.002,BTCUSDT
2025-09-30 00:00:08.726,114238.7,0.001,BTCUSDT
2025-09-30 00:00:08.726,114238.6,0.002,BTCUSDT
2025-09-30 00:00:08.726,114238.4,0.007,BTCUSDT
2025-09-30 00:00:08.726,114238.2,0.08,BTCUSDT
2025-09-30 00:00:08.726,114238.2,0.001,BTCUSDT
2025-09-30 00:00:08.726,114238.1,0.002,BTCUSDT
2025-09-30 00:00:08.726,114237.7,0.002,BTCUSDT
2025-09-30 00:00:08.726,114237.7,0.001,BTCUSDT
2025-09-30 00:00:08.726,114237.6,0.457,BTCUSDT
2025-09-30 00:00:08.726,114237.6,0.386,BTCUSDT
2025-09-30 00:00:08.726,114237.3,0.002,BTCUSDT
2025-09-30 00:00:08.726,114237.0,0.002,BTCUSDT
2025-09-30 00:00:08.726,114237.0,0.001,BTCUSDT
2025-09-30 00:00:08.726,114236.9,0.03,BTCUSDT
2025-09-30 00:00:08.726,114236.9,0.001,BTCUSDT
2025-09-30 00:00:08.726,114236.9,0.08,BTCUSDT
2025-09-30 00:00:08.726,114236.6,0.05,BTCUSDT
2025-09-30 00:00:08.726,114236.6,0.002,BTCUSDT
2025-09-30 00:00:08.726,114236.5,0.001,BTCUSDT
2025-09-30 00:00:08.726,114236.4,0.002,BTCUSDT
2025-09-30 00:00:08.726,114236.4,0.001,BTCUSDT
2025-09-30 00:00:08.726,114236.4,0.006,BTCUSDT
2025-09-30 00:00:08.726,114236.3,0.001,BTCUSDT
2025-09-30 00:00:08.726,114236.3,0.002,BTCUSDT
2025-09-30 00:00:08.726,114236.2,0.088,BTCUSDT
2025-09-30 00:00:08.726,114236.1,0.001,BTCUSDT
2025-09-30 00:00:08.726,114236.1,0.001,BTCUSDT
2025-09-30 00:00:08.726,114236.0,0.002,BTCUSDT
2025-09-30 00:00:08.726,114236.0,0.002,BTCUSDT
2025-09-30 00:00:08.726,114235.9,0.08,BTCUSDT
2025-09-30 00:00:08.726,114235.9,0.08,BTCUSDT
2025-09-30 00:00:08.726,114235.8,0.002,BTCUSDT
2025-09-30 00:00:08.726,114235.6,0.072,BTCUSDT
2025-09-30 00:00:08.726,114235.5,0.001,BTCUSDT
2025-09-30 00:00:08.726,114235.5,0.088,BTCUSDT
2025-09-30 00:00:08.726,114235.4,0.002,BTCUSDT
2025-09-30 00:00:08.726,114235.4,0.088,BTCUSDT
2025-09-30 00:00:08.726,114235.4,0.088,BTCUSDT
2025-09-30 00:00:08.726,114235.4,0.386,BTCUSDT
2025-09-30 00:00:08.726,114235.4,0.421,BTCUSDT
2025-09-30 00:00:08.726,114235.3,0.184,BTCUSDT
2025-09-30 00:00:08.726,114235.3,0.552,BTCUSDT
2025-09-30 00:00:08.729,114235.3,0.421,BTCUSDT
2025-09-30 00:00:08.729,114235.3,0.648,BTCUSDT
2025-09-30 00:00:08.729,114235.3,0.001,BTCUSDT
2025-09-30 00:00:08.729,114235.3,0.649,BTCUSDT
2025-09-30 00:00:08.729,114235.3,0.001,BTCUSDT
2025-09-30 00:00:08.729,114235.3,0.001,BTCUSDT
2025-09-30 00:00:08.729,114235.2,1.061,BTCUSDT
2025-09-30 00:00:08.729,114235.2,0.002,BTCUSDT
2025-09-30 00:00:08.729,114235.0,0.001,BTCUSDT
2025-09-30 00:00:08.729,114234.7,0.002,BTCUSDT
2025-09-30 00:00:08.729,114234.6,0.001,BTCUSDT
2025-09-30 00:00:08.729,114234.6,0.04,BTCUSDT
2025-09-30 00:00:08.729,114234.5,0.002,BTCUSDT
2025-09-30 00:00:08.729,114234.5,0.03,BTCUSDT
2025-09-30 00:00:08.729,114234.5,0.005,BTCUSDT
2025-09-30 00:00:08.729,114234.3,0.104,BTCUSDT
2025-09-30 00:00:08.729,114234.1,0.018,BTCUSDT
2025-09-30 00:00:08.729,114234.1,0.088,BTCUSDT
2025-09-30 00:00:08.729,114234.1,0.421,BTCUSDT
2025-09-30 00:00:08.729,114233.9,0.002,BTCUSDT
2025-09-30 00:00:08.729,114233.9,0.001,BTCUSDT
2025-09-30 00:00:08.729,114233.9,0.006,BTCUSDT
2025-09-30 00:00:08.729,114233.8,2.282,BTCUSDT
2025-09-30 00:00:08.729,114233.7,0.002,BTCUSDT
2025-09-30 00:00:08.729,114233.7,0.002,BTCUSDT
2025-09-30 00:00:08.729,114233.6,0.002,BTCUSDT
2025-09-30 00:00:08.729,114233.6,0.08,BTCUSDT
2025-09-30 00:00:08.729,114233.6,0.785,BTCUSDT
2025-09-30 00:00:08.729,114233.5,0.04,BTCUSDT
2025-09-30 00:00:08.729,114233.4,0.03,BTCUSDT
2025-09-30 00:00:08.729,114233.4,0.2,BTCUSDT
2025-09-30 00:00:08.729,114233.4,0.2,BTCUSDT
2025-09-30 00:00:08.729,114233.4,0.2,BTCUSDT
2025-09-30 00:00:08.729,114233.4,0.088,BTCUSDT
2025-09-30 00:00:08.729,114233.4,0.003,BTCUSDT
2025-09-30 00:00:08.729,114233.4,0.04,BTCUSDT
2025-09-30 00:00:08.729,114233.3,0.08,BTCUSDT
2025-09-30 00:00:08.729,114233.0,0.001,BTCUSDT
2025-09-30 00:00:08.729,114233.0,0.001,BTCUSDT
2025-09-30 00:00:08.729,114232.9,0.002,BTCUSDT
2025-09-30 00:00:08.729,114232.9,0.001,BTCUSDT
2025-09-30 00:00:08.729,114232.8,0.001,BTCUSDT
2025-09-30 00:00:08.729,114232.8,0.464,BTCUSDT
2025-09-30 00:00:08.729,114232.8,0.002,BTCUSDT
2025-09-30 00:00:08.729,114232.6,0.002,BTCUSDT
2025-09-30 00:00:08.729,114232.4,0.031,BTCUSDT
2025-09-30 00:00:08.729,114232.3,0.002,BTCUSDT
2025-09-30 00:00:08.729,114232.2,0.04,BTCUSDT
2025-09-30 00:00:08.729,114232.2,0.03,BTCUSDT
2025-09-30 00:00:08.729,114232.2,0.04,BTCUSDT
2025-09-30 00:00:08.729,114232.2,0.2,BTCUSDT
2025-09-30 00:00:08.729,114232.2,0.04,BTCUSDT
2025-09-30 00:00:08.729,114232.2,0.2,BTCUSDT
2025-09-30 00:00:08.729,114232.1,0.001,BTCUSDT
2025-09-30 00:00:08.729,114232.1,0.04,BTCUSDT
2025-09-30 00:00:08.729,114232.1,0.006,BTCUSDT
2025-09-30 00:00:08.729,114231.7,0.002,BTCUSDT
2025-09-30 00:00:08.729,114231.7,0.002,BTCUSDT
2025-09-30 00:00:08.729,114231.7,0.065,BTCUSDT
2025-09-30 00:00:08.729,114231.6,0.002,BTCUSDT
2025-09-30 00:00:08.729,114231.6,0.001,BTCUSDT
2025-09-30 00:00:08.729,114231.6,0.037,BTCUSDT
2025-09-30 00:00:08.729,114231.3,0.013,BTCUSDT
2025-09-30 00:00:08.729,114231.3,0.001,BTCUSDT
2025-09-30 00:00:08.729,114231.1,0.002,BTCUSDT
2025-09-30 00:00:08.729,114231.0,0.002,BTCUSDT
2025-09-30 00:00:08.729,114230.9,0.001,BTCUSDT
2025-09-30 00:00:08.729,114230.9,0.002,BTCUSDT
2025-09-30 00:00:08.729,114230.8,0.002,BTCUSDT
2025-09-30 00:00:08.729,114230.6,0.087,BTCUSDT
2025-09-30 00:00:08.729,114230.5,0.001,BTCUSDT
2025-09-30 00:00:08.729,114230.5,0.002,BTCUSDT
2025-09-30 00:00:08.729,114230.4,0.05,BTCUSDT
2025-09-30 00:00:08.729,114230.2,0.001,BTCUSDT
2025-09-30 00:00:08.729,114230.0,0.003,BTCUSDT
2025-09-30 00:00:08.729,114230.0,0.001,BTCUSDT
2025-09-30 00:00:08.729,114230.0,0.001,BTCUSDT
2025-09-30 00:00:08.729,114229.9,0.002,BTCUSDT
2025-09-30 00:00:08.729,114229.8,0.002,BTCUSDT
2025-09-30 00:00:08.729,114229.8,0.014,BTCUSDT
2025-09-30 00:00:08.729,114229.7,0.002,BTCUSDT
2025-09-30 00:00:08.729,114229.7,0.073,BTCUSDT
2025-09-30 00:00:08.729,114229.7,0.013,BTCUSDT
2025-09-30 00:00:08.729,114229.5,0.001,BTCUSDT
2025-09-30 00:00:08.729,114229.5,0.001,BTCUSDT
2025-09-30 00:00:08.729,114229.5,0.001,BTCUSDT
2025-09-30 00:00:08.729,114229.3,0.002,BTCUSDT
2025-09-30 00:00:08.729,114229.3,0.002,BTCUSDT
2025-09-30 00:00:08.729,114229.1,0.001,BTCUSDT
2025-09-30 00:00:08.729,114229.1,0.001,BTCUSDT
2025-09-30 00:00:08.729,114228.9,0.002,BTCUSDT
2025-09-30 00:00:08.729,114228.7,0.001,BTCUSDT
2025-09-30 00:00:08.729,114228.7,0.002,BTCUSDT
2025-09-30 00:00:08.729,114228.7,0.002,BTCUSDT
2025-09-30 00:00:08.729,114228.6,0.001,BTCUSDT
2025-09-30 00:00:08.729,114228.5,0.002,BTCUSDT
2025-09-30 00:00:08.729,114228.5,0.001,BTCUSDT
2025-09-30 00:00:08.729,114228.5,0.048,BTCUSDT
2025-09-30 00:00:08.729,114228.4,0.001,BTCUSDT
2025-09-30 00:00:08.729,114228.3,0.131,BTCUSDT
2025-09-30 00:00:08.729,114228.1,0.024,BTCUSDT
2025-09-30 00:00:08.729,114228.1,0.002,BTCUSDT
2025-09-30 00:00:08.729,114228.1,0.002,BTCUSDT
2025-09-30 00:00:08.729,114228.1,0.004,BTCUSDT
2025-09-30 00:00:08.729,114228.0,0.016,BTCUSDT
2025-09-30 00:00:08.729,114227.9,0.184,BTCUSDT
2025-09-30 00:00:08.729,114227.8,0.001,BTCUSDT
2025-09-30 00:00:08.729,114227.8,0.001,BTCUSDT
2025-09-30 00:00:08.729,114227.7,0.015,BTCUSDT
2025-09-30 00:00:08.729,114227.7,0.045,BTCUSDT
2025-09-30 00:00:08.729,114227.7,1.524,BTCUSDT
2025-09-30 00:00:08.729,114227.6,0.002,BTCUSDT
2025-09-30 00:00:08.729,114227.5,0.002,BTCUSDT
2025-09-30 00:00:08.729,114227.5,0.04,BTCUSDT
2025-09-30 00:00:08.729,114227.1,0.014,BTCUSDT
2025-09-30 00:00:08.729,114227.0,0.089,BTCUSDT
2025-09-30 00:00:08.729,114226.9,0.002,BTCUSDT
2025-09-30 00:00:08.729,114226.8,0.001,BTCUSDT
2025-09-30 00:00:08.729,114226.8,0.001,BTCUSDT
2025-09-30 00:00:08.729,114226.6,0.001,BTCUSDT
2025-09-30 00:00:08.729,114226.6,0.002,BTCUSDT
2025-09-30 00:00:08.729,114226.5,0.001,BTCUSDT
2025-09-30 00:00:08.729,114226.5,0.002,BTCUSDT
2025-09-30 00:00:08.729,114226.5,0.097,BTCUSDT
2025-09-30 00:00:08.729,114226.3,0.002,BTCUSDT
2025-09-30 00:00:08.729,114226.3,0.05,BTCUSDT
2025-09-30 00:00:08.729,114226.2,0.001,BTCUSDT
2025-09-30 00:00:08.729,114226.2,0.001,BTCUSDT
2025-09-30 00:00:08.729,114226.2,0.093,BTCUSDT
2025-09-30 00:00:08.729,114226.2,0.344,BTCUSDT
2025-09-30 00:00:08.745,114226.3,0.523,BTCUSDT
2025-09-30 00:00:08.745,114226.3,0.651,BTCUSDT
2025-09-30 00:00:08.745,114226.3,0.001,BTCUSDT
2025-09-30 00:00:08.745,114226.3,0.507,BTCUSDT
2025-09-30 00:00:08.763,114226.3,0.003,BTCUSDT
2025-09-30 00:00:08.765,114226.2,0.001,BTCUSDT
2025-09-30 00:00:08.765,114226.2,0.001,BTCUSDT
2025-09-30 00:00:08.765,114226.2,0.001,BTCUSDT
2025-09-30 00:00:08.765,114226.2,0.65,BTCUSDT
2025-09-30 00:00:08.765,114226.2,0.323,BTCUSDT
2025-09-30 00:00:08.765,114226.2,0.177,BTCUSDT
2025-09-30 00:00:08.765,114226.2,0.053,BTCUSDT
2025-09-30 00:00:08.765,114226.2,0.012,BTCUSDT
2025-09-30 00:00:08.765,114226.2,0.001,BTCUSDT
2025-09-30 00:00:08.765,114226.2,0.001,BTCUSDT
2025-09-30 00:00:08.765,114226.2,0.44,BTCUSDT
2025-09-30 00:00:08.765,114226.2,0.237,BTCUSDT
2025-09-30 00:00:08.765,114226.2,0.001,BTCUSDT
2025-09-30 00:00:08.765,114226.2,0.001,BTCUSDT
2025-09-30 00:00:08.765,114226.2,0.001,BTCUSDT
2025-09-30 00:00:08.765,114226.2,0.152,BTCUSDT
2025-09-30 00:00:08.765,114226.2,0.18,BTCUSDT
2025-09-30 00:00:08.765,114226.2,0.148,BTCUSDT
2025-09-30 00:00:08.765,114226.2,1.053,BTCUSDT
2025-09-30 00:00:08.765,114226.2,0.001,BTCUSDT
2025-09-30 00:00:08.765,114226.2,0.001,BTCUSDT
2025-09-30 00:00:08.765,114226.2,0.175,BTCUSDT
2025-09-30 00:00:08.765,114226.2,0.175,BTCUSDT
2025-09-30 00:00:08.765,114226.2,0.177,BTCUSDT
2025-09-30 00:00:08.765,114226.2,0.002,BTCUSDT
2025-09-30 00:00:08.765,114226.2,0.031,BTCUSDT
2025-09-30 00:00:08.765,114226.2,0.012,BTCUSDT
2025-09-30 00:00:08.765,114226.2,0.001,BTCUSDT
2025-09-30 00:00:08.765,114226.2,0.207,BTCUSDT
2025-09-30 00:00:08.765,114226.2,0.035,BTCUSDT
2025-09-30 00:00:08.765,114226.2,0.175,BTCUSDT
2025-09-30 00:00:08.765,114226.2,0.038,BTCUSDT
2025-09-30 00:00:08.765,114226.2,0.072,BTCUSDT
2025-09-30 00:00:08.765,114226.2,0.5,BTCUSDT
2025-09-30 00:00:08.765,114226.2,0.175,BTCUSDT
2025-09-30 00:00:08.765,114226.2,0.087,BTCUSDT
2025-09-30 00:00:08.765,114226.2,0.087,BTCUSDT
2025-09-30 00:00:08.765,114226.2,0.175,BTCUSDT
2025-09-30 00:00:08.765,114226.2,0.001,BTCUSDT
2025-09-30 00:00:08.765,114226.2,0.507,BTCUSDT
2025-09-30 00:00:08.765,114226.2,0.88,BTCUSDT
2025-09-30 00:00:08.765,114226.2,0.002,BTCUSDT
2025-09-30 00:00:08.765,114226.2,0.002,BTCUSDT
2025-09-30 00:00:08.765,114226.2,0.299,BTCUSDT
2025-09-30 00:00:08.765,114226.1,0.001,BTCUSDT
2025-09-30 00:00:08.765,114226.0,0.001,BTCUSDT
2025-09-30 00:00:08.765,114226.0,0.001,BTCUSDT
2025-09-30 00:00:08.765,114226.0,0.039,BTCUSDT
2025-09-30 00:00:08.765,114225.9,0.001,BTCUSDT
2025-09-30 00:00:08.765,114225.8,0.001,BTCUSDT
2025-09-30 00:00:08.765,114225.7,0.002,BTCUSDT
2025-09-30 00:00:08.765,114225.7,0.175,BTCUSDT
2025-09-30 00:00:08.765,114225.6,0.006,BTCUSDT
2025-09-30 00:00:08.765,114225.4,0.175,BTCUSDT
2025-09-30 00:00:08.765,114225.3,0.001,BTCUSDT
2025-09-30 00:00:08.765,114225.3,0.267,BTCUSDT
2025-09-30 00:00:08.765,114225.1,0.001,BTCUSDT
2025-09-30 00:00:08.765,114225.1,0.002,BTCUSDT
2025-09-30 00:00:08.765,114225.0,0.02,BTCUSDT
2025-09-30 00:00:08.765,114225.0,0.002,BTCUSDT
2025-09-30 00:00:08.765,114225.0,0.001,BTCUSDT
2025-09-30 00:00:08.765,114224.8,0.001,BTCUSDT
2025-09-30 00:00:08.765,114224.8,0.013,BTCUSDT
2025-09-30 00:00:08.765,114224.6,0.002,BTCUSDT
2025-09-30 00:00:08.765,114224.6,0.002,BTCUSDT
2025-09-30 00:00:08.765,114224.5,0.002,BTCUSDT
2025-09-30 00:00:08.765,114224.5,0.002,BTCUSDT
2025-09-30 00:00:08.765,114224.5,0.001,BTCUSDT
2025-09-30 00:00:08.765,114224.3,0.001,BTCUSDT
2025-09-30 00:00:08.765,114224.3,0.008,BTCUSDT
2025-09-30 00:00:08.765,114224.0,0.001,BTCUSDT
2025-09-30 00:00:08.765,114223.9,0.656,BTCUSDT
2025-09-30 00:00:08.765,114223.9,0.002,BTCUSDT
2025-09-30 00:00:08.765,114223.8,0.071,BTCUSDT
2025-09-30 00:00:08.765,114223.5,0.035,BTCUSDT
2025-09-30 00:00:08.765,114223.4,0.001,BTCUSDT
2025-09-30 00:00:08.765,114223.4,0.002,BTCUSDT
2025-09-30 00:00:08.765,114223.3,0.002,BTCUSDT
2025-09-30 00:00:08.765,114223.1,0.002,BTCUSDT
2025-09-30 00:00:08.765,114223.1,0.088,BTCUSDT
2025-09-30 00:00:08.765,114223.1,0.046,BTCUSDT
2025-09-30 00:00:08.765,114222.9,0.002,BTCUSDT
2025-09-30 00:00:08.765,114222.9,0.001,BTCUSDT
2025-09-30 00:00:08.765,114222.8,1.5,BTCUSDT
2025-09-30 00:00:08.765,114222.7,0.007,BTCUSDT
2025-09-30 00:00:08.765,114222.7,0.001,BTCUSDT
2025-09-30 00:00:08.765,114222.7,0.002,BTCUSDT
2025-09-30 00:00:08.765,114222.6,0.001,BTCUSDT
2025-09-30 00:00:08.765,114222.5,0.001,BTCUSDT
2025-09-30 00:00:08.765,114222.3,0.001,BTCUSDT
2025-09-30 00:00:08.765,114222.3,0.002,BTCUSDT
2025-09-30 00:00:08.765,114222.2,0.004,BTCUSDT
2025-09-30 00:00:08.765,114222.2,0.008,BTCUSDT
2025-09-30 00:00:08.765,114222.2,0.001,BTCUSDT
2025-09-30 00:00:08.765,114222.1,0.002,BTCUSDT
2025-09-30 00:00:08.765,114222.0,0.001,BTCUSDT
2025-09-30 00:00:08.765,114222.0,0.001,BTCUSDT
2025-09-30 00:00:08.765,114222.0,0.371,BTCUSDT
2025-09-30 00:00:08.765,114222.0,0.039,BTCUSDT
2025-09-30 00:00:08.765,114221.9,0.002,BTCUSDT
2025-09-30 00:00:08.765,114221.7,0.001,BTCUSDT
2025-09-30 00:00:08.765,114221.6,0.014,BTCUSDT
2025-09-30 00:00:08.765,114221.5,0.002,BTCUSDT
2025-09-30 00:00:08.765,114221.4,0.04,BTCUSDT
2025-09-30 00:00:08.765,114221.3,0.002,BTCUSDT
2025-09-30 00:00:08.765,114221.2,0.04,BTCUSDT
2025-09-30 00:00:08.765,114221.2,0.002,BTCUSDT
2025-09-30 00:00:08.765,114221.2,0.003,BTCUSDT
2025-09-30 00:00:08.765,114221.1,0.04,BTCUSDT
2025-09-30 00:00:08.765,114221.0,0.04,BTCUSDT
2025-09-30 00:00:08.765,114221.0,0.04,BTCUSDT
2025-09-30 00:00:08.765,114221.0,0.04,BTCUSDT
2025-09-30 00:00:08.765,114221.0,0.005,BTCUSDT
2025-09-30 00:00:08.765,114221.0,0.005,BTCUSDT
2025-09-30 00:00:08.765,114220.9,0.001,BTCUSDT
2025-09-30 00:00:08.765,114220.9,0.013,BTCUSDT
2025-09-30 00:00:08.765,114220.9,0.002,BTCUSDT
2025-09-30 00:00:08.765,114220.8,0.04,BTCUSDT
2025-09-30 00:00:08.765,114220.8,0.04,BTCUSDT
2025-09-30 00:00:08.765,114220.8,0.04,BTCUSDT
2025-09-30 00:00:08.765,114220.8,0.001,BTCUSDT
2025-09-30 00:00:08.765,114220.7,0.04,BTCUSDT
2025-09-30 00:00:08.765,114220.7,0.04,BTCUSDT
2025-09-30 00:00:08.765,114220.6,0.04,BTCUSDT
2025-09-30 00:00:08.765,114220.6,0.04,BTCUSDT
2025-09-30 00:00:08.765,114220.5,0.04,BTCUSDT
2025-09-30 00:00:08.765,114220.5,0.04,BTCUSDT
2025-09-30 00:00:08.765,114220.5,0.06,BTCUSDT
2025-09-30 00:00:08.765,114220.4,0.04,BTCUSDT
2025-09-30 00:00:08.765,114220.3,0.002,BTCUSDT
2025-09-30 00:00:08.765,114220.2,0.057,BTCUSDT
2025-09-30 00:00:08.765,114220.1,0.002,BTCUSDT
2025-09-30 00:00:08.765,114220.1,0.018,BTCUSDT
2025-09-30 00:00:08.765,114220.1,0.001,BTCUSDT
2025-09-30 00:00:08.765,114220.0,0.001,BTCUSDT
2025-09-30 00:00:08.765,114220.0,0.001,BTCUSDT
2025-09-30 00:00:08.765,114219.9,0.001,BTCUSDT
2025-09-30 00:00:08.765,114219.8,0.04,BTCUSDT
2025-09-30 00:00:08.765,114219.7,0.002,BTCUSDT
2025-09-30 00:00:08.765,114219.6,0.001,BTCUSDT
2025-09-30 00:00:08.765,114219.5,2.138,BTCUSDT
2025-09-30 00:00:08.766,114222.2,0.003,BTCUSDT
2025-09-30 00:00:08.775,114222.2,0.005,BTCUSDT
2025-09-30 00:00:08.776,114222.2,0.005,BTCUSDT
2025-09-30 00:00:08.811,114222.1,0.154,BTCUSDT
2025-09-30 00:00:08.812,114222.1,0.22,BTCUSDT
2025-09-30 00:00:08.812,114222.1,0.163,BTCUSDT
2025-09-30 00:00:08.812,114222.1,0.15,BTCUSDT
2025-09-30 00:00:08.812,114222.1,0.151,BTCUSDT
2025-09-30 00:00:08.812,114222.1,0.18,BTCUSDT
2025-09-30 00:00:08.812,114222.1,0.113,BTCUSDT
2025-09-30 00:00:08.812,114222.1,0.031,BTCUSDT
2025-09-30 00:00:08.812,114222.1,0.001,BTCUSDT
2025-09-30 00:00:08.812,114222.1,0.01,BTCUSDT
2025-09-30 00:00:08.812,114222.1,0.001,BTCUSDT
2025-09-30 00:00:08.812,114222.1,0.91,BTCUSDT
2025-09-30 00:00:08.812,114222.1,0.002,BTCUSDT
2025-09-30 00:00:08.812,114222.0,0.001,BTCUSDT
2025-09-30 00:00:08.812,114221.4,0.007,BTCUSDT
2025-09-30 00:00:08.812,114220.7,0.002,BTCUSDT
2025-09-30 00:00:08.812,114220.2,0.004,BTCUSDT
2025-09-30 00:00:08.812,114220.1,0.002,BTCUSDT
2025-09-30 00:00:08.812,114220.1,0.001,BTCUSDT
2025-09-30 00:00:08.812,114220.0,0.001,BTCUSDT
2025-09-30 00:00:08.812,114219.6,0.001,BTCUSDT
2025-09-30 00:00:08.812,114219.5,0.194,BTCUSDT
2025-09-30 00:00:08.812,114219.5,2.332,BTCUSDT
2025-09-30 00:00:08.812,114219.5,0.008,BTCUSDT
2025-09-30 00:00:08.812,114219.5,0.001,BTCUSDT
2025-09-30 00:00:08.812,114219.5,0.001,BTCUSDT
2025-09-30 00:00:08.812,114219.5,0.175,BTCUSDT
2025-09-30 00:00:08.812,114219.5,0.035,BTCUSDT
2025-09-30 00:00:08.812,114219.4,0.002,BTCUSDT
2025-09-30 00:00:08.812,114219.4,0.17,BTCUSDT
2025-09-30 00:00:08.812,114219.3,0.001,BTCUSDT
2025-09-30 00:00:08.812,114219.1,0.048,BTCUSDT
2025-09-30 00:00:08.812,114219.1,0.002,BTCUSDT
2025-09-30 00:00:08.812,114219.0,0.001,BTCUSDT
2025-09-30 00:00:08.812,114219.0,0.001,BTCUSDT
2025-09-30 00:00:08.812,114218.9,0.956,BTCUSDT
2025-09-30 00:00:08.812,114218.8,0.04,BTCUSDT
2025-09-30 00:00:08.812,114218.8,0.012,BTCUSDT
2025-09-30 00:00:08.812,114218.6,0.001,BTCUSDT
2025-09-30 00:00:08.812,114218.5,0.002,BTCUSDT
2025-09-30 00:00:08.812,114218.3,0.013,BTCUSDT
2025-09-30 00:00:08.812,114218.3,0.001,BTCUSDT
2025-09-30 00:00:08.812,114218.2,0.04,BTCUSDT
2025-09-30 00:00:08.812,114218.1,0.04,BTCUSDT
2025-09-30 00:00:08.812,114218.1,0.04,BTCUSDT
2025-09-30 00:00:08.812,114217.9,0.04,BTCUSDT
2025-09-30 00:00:08.812,114217.9,0.04,BTCUSDT
2025-09-30 00:00:08.812,114217.9,0.002,BTCUSDT
2025-09-30 00:00:08.812,114217.9,0.002,BTCUSDT
2025-09-30 00:00:08.812,114217.8,0.001,BTCUSDT
2025-09-30 00:00:08.812,114217.7,0.04,BTCUSDT
2025-09-30 00:00:08.812,114217.7,0.04,BTCUSDT
2025-09-30 00:00:08.812,114217.7,0.018,BTCUSDT
2025-09-30 00:00:08.812,114217.5,0.04,BTCUSDT
2025-09-30 00:00:08.812,114217.4,0.04,BTCUSDT
2025-09-30 00:00:08.812,114217.3,0.002,BTCUSDT
2025-09-30 00:00:08.812,114217.2,0.002,BTCUSDT
2025-09-30 00:00:08.812,114217.1,0.001,BTCUSDT
2025-09-30 00:00:08.812,114217.1,0.018,BTCUSDT
2025-09-30 00:00:08.812,114217.0,0.003,BTCUSDT
2025-09-30 00:00:08.812,114216.9,0.005,BTCUSDT
2025-09-30 00:00:08.812,114216.8,0.04,BTCUSDT
2025-09-30 00:00:08.812,114216.8,0.002,BTCUSDT
2025-09-30 00:00:08.812,114216.8,0.263,BTCUSDT
2025-09-30 00:00:08.812,114216.7,0.04,BTCUSDT
2025-09-30 00:00:08.812,114216.7,0.04,BTCUSDT
2025-09-30 00:00:08.812,114216.7,0.04,BTCUSDT
2025-09-30 00:00:08.812,114216.7,0.002,BTCUSDT
2025-09-30 00:00:08.812,114216.6,0.04,BTCUSDT
2025-09-30 00:00:08.812,114216.6,0.001,BTCUSDT
2025-09-30 00:00:08.812,114216.5,0.04,BTCUSDT
2025-09-30 00:00:08.812,114216.4,0.04,BTCUSDT
2025-09-30 00:00:08.812,114216.4,0.01,BTCUSDT
2025-09-30 00:00:08.812,114216.4,0.002,BTCUSDT
2025-09-30 00:00:08.812,114216.4,0.001,BTCUSDT
2025-09-30 00:00:08.812,114216.3,0.002,BTCUSDT
2025-09-30 00:00:08.812,114216.3,0.04,BTCUSDT
2025-09-30 00:00:08.812,114216.2,0.04,BTCUSDT
2025-09-30 00:00:08.812,114216.1,0.001,BTCUSDT
2025-09-30 00:00:08.812,114216.1,0.002,BTCUSDT
2025-09-30 00:00:08.812,114216.0,0.04,BTCUSDT
2025-09-30 00:00:08.812,114216.0,0.04,BTCUSDT
2025-09-30 00:00:08.812,114216.0,0.378,BTCUSDT
2025-09-30 00:00:08.812,114215.9,0.001,BTCUSDT
2025-09-30 00:00:08.812,114215.9,0.04,BTCUSDT
2025-09-30 00:00:08.812,114215.9,0.001,BTCUSDT
2025-09-30 00:00:08.812,114215.8,0.04,BTCUSDT
2025-09-30 00:00:08.812,114215.8,0.04,BTCUSDT
2025-09-30 00:00:08.812,114215.8,0.04,BTCUSDT
2025-09-30 00:00:08.812,114215.8,0.04,BTCUSDT
2025-09-30 00:00:08.812,114215.8,0.013,BTCUSDT
2025-09-30 00:00:08.812,114215.7,0.04,BTCUSDT
2025-09-30 00:00:08.812,114215.7,0.04,BTCUSDT
2025-09-30 00:00:08.812,114215.7,0.001,BTCUSDT
2025-09-30 00:00:08.812,114215.7,0.001,BTCUSDT
2025-09-30 00:00:08.812,114215.7,0.002,BTCUSDT
2025-09-30 00:00:08.812,114215.5,0.001,BTCUSDT
2025-09-30 00:00:08.812,114215.5,0.001,BTCUSDT
2025-09-30 00:00:08.812,114215.5,0.002,BTCUSDT
2025-09-30 00:00:08.812,114215.5,0.692,BTCUSDT
2025-09-30 00:00:08.812,114215.4,0.04,BTCUSDT
2025-09-30 00:00:08.812,114215.4,0.001,BTCUSDT
2025-09-30 00:00:08.812,114215.4,0.002,BTCUSDT
2025-09-30 00:00:08.812,114215.2,0.001,BTCUSDT
2025-09-30 00:00:08.812,114215.2,0.001,BTCUSDT
2025-09-30 00:00:08.812,114215.1,0.04,BTCUSDT
2025-09-30 00:00:08.812,114215.1,0.001,BTCUSDT
2025-09-30 00:00:08.812,114215.0,0.001,BTCUSDT
2025-09-30 00:00:08.812,114214.9,0.001,BTCUSDT
2025-09-30 00:00:08.812,114214.9,0.002,BTCUSDT
2025-09-30 00:00:08.812,114214.8,0.2,BTCUSDT
2025-09-30 00:00:08.812,114214.8,0.2,BTCUSDT
2025-09-30 00:00:08.812,114214.8,0.08,BTCUSDT
2025-09-30 00:00:08.812,114214.7,0.004,BTCUSDT
2025-09-30 00:00:08.812,114214.6,0.002,BTCUSDT
2025-09-30 00:00:08.812,114214.3,0.002,BTCUSDT
2025-09-30 00:00:08.812,114214.2,0.005,BTCUSDT
2025-09-30 00:00:08.812,114214.2,0.002,BTCUSDT
2025-09-30 00:00:08.812,114213.7,0.002,BTCUSDT
2025-09-30 00:00:08.812,114213.5,0.002,BTCUSDT
2025-09-30 00:00:08.812,114213.5,0.002,BTCUSDT
2025-09-30 00:00:08.812,114213.5,0.026,BTCUSDT
2025-09-30 00:00:08.812,114213.2,0.001,BTCUSDT
2025-09-30 00:00:08.812,114213.1,0.002,BTCUSDT
2025-09-30 00:00:08.812,114213.1,0.001,BTCUSDT
2025-09-30 00:00:08.812,114213.0,0.002,BTCUSDT
2025-09-30 00:00:08.812,114213.0,0.001,BTCUSDT
2025-09-30 00:00:08.812,114212.7,0.024,BTCUSDT
2025-09-30 00:00:08.812,114212.7,0.026,BTCUSDT
2025-09-30 00:00:08.812,114212.5,0.009,BTCUSDT
2025-09-30 00:00:08.812,114212.5,0.002,BTCUSDT
2025-09-30 00:00:08.812,114212.5,0.062,BTCUSDT
2025-09-30 00:00:08.812,114212.5,0.001,BTCUSDT
2025-09-30 00:00:08.812,114212.4,0.002,BTCUSDT
2025-09-30 00:00:08.812,114212.3,0.048,BTCUSDT
2025-09-30 00:00:08.812,114212.0,0.001,BTCUSDT
2025-09-30 00:00:08.812,114211.9,0.002,BTCUSDT
2025-09-30 00:00:08.812,114211.8,0.001,BTCUSDT
2025-09-30 00:00:08.812,114211.7,0.018,BTCUSDT
2025-09-30 00:00:08.812,114211.6,0.012,BTCUSDT
2025-09-30 00:00:08.812,114211.5,0.001,BTCUSDT
2025-09-30 00:00:08.812,114211.3,0.002,BTCUSDT
2025-09-30 00:00:08.812,114211.3,0.002,BTCUSDT
2025-09-30 00:00:08.812,114211.1,0.027,BTCUSDT
2025-09-30 00:00:08.812,114210.8,0.713,BTCUSDT
2025-09-30 00:00:08.812,114210.7,0.001,BTCUSDT
2025-09-30 00:00:08.812,114210.7,0.001,BTCUSDT
2025-09-30 00:00:08.812,114210.7,0.001,BTCUSDT
2025-09-30 00:00:08.812,114210.7,0.001,BTCUSDT
2025-09-30 00:00:08.812,114210.7,0.002,BTCUSDT
2025-09-30 00:00:08.812,114210.7,0.2,BTCUSDT
2025-09-30 00:00:08.812,114210.7,0.014,BTCUSDT
2025-09-30 00:00:08.812,114210.6,0.002,BTCUSDT
2025-09-30 00:00:08.812,114210.6,0.002,BTCUSDT
2025-09-30 00:00:08.812,114210.5,0.002,BTCUSDT
2025-09-30 00:00:08.812,114210.5,0.002,BTCUSDT
2025-09-30 00:00:08.812,114210.3,0.001,BTCUSDT
2025-09-30 00:00:08.812,114210.2,0.001,BTCUSDT
2025-09-30 00:00:08.812,114210.1,0.001,BTCUSDT
2025-09-30 00:00:08.812,114210.1,0.002,BTCUSDT
2025-09-30 00:00:08.812,114210.0,0.001,BTCUSDT
2025-09-30 00:00:08.812,114210.0,0.002,BTCUSDT
2025-09-30 00:00:08.812,114210.0,0.002,BTCUSDT
2025-09-30 00:00:08.812,114210.0,0.383,BTCUSDT
2025-09-30 00:00:08.812,114210.0,0.001,BTCUSDT
2025-09-30 00:00:08.812,114210.0,0.001,BTCUSDT
2025-09-30 00:00:08.812,114210.0,0.001,BTCUSDT
2025-09-30 00:00:08.812,114209.8,0.04,BTCUSDT
2025-09-30 00:00:08.812,114209.8,0.001,BTCUSDT
2025-09-30 00:00:08.812,114209.7,0.018,BTCUSDT
2025-09-30 00:00:08.812,114209.5,0.001,BTCUSDT
2025-09-30 00:00:08.812,114209.5,0.002,BTCUSDT
2025-09-30 00:00:08.812,114209.5,0.002,BTCUSDT
2025-09-30 00:00:08.812,114209.0,0.005,BTCUSDT
2025-09-30 00:00:08.812,114208.9,0.42,BTCUSDT
2025-09-30 00:00:08.812,114208.9,0.002,BTCUSDT
2025-09-30 00:00:08.812,114208.9,0.002,BTCUSDT
2025-09-30 00:00:08.812,114208.8,0.001,BTCUSDT
2025-09-30 00:00:08.812,114208.5,0.001,BTCUSDT
2025-09-30 00:00:08.812,114208.5,0.001,BTCUSDT
2025-09-30 00:00:08.812,114208.5,0.004,BTCUSDT
2025-09-30 00:00:08.812,114208.5,0.001,BTCUSDT
2025-09-30 00:00:08.812,114208.4,0.001,BTCUSDT
2025-09-30 00:00:08.812,114208.4,0.01,BTCUSDT
2025-09-30 00:00:08.812,114208.4,0.004,BTCUSDT
2025-09-30 00:00:08.812,114208.4,0.007,BTCUSDT
2025-09-30 00:00:08.812,114208.4,0.008,BTCUSDT
2025-09-30 00:00:08.812,114208.4,0.001,BTCUSDT
2025-09-30 00:00:08.812,114208.4,0.009,BTCUSDT
2025-09-30 00:00:08.812,114208.3,0.002,BTCUSDT
2025-09-30 00:00:08.812,114208.2,0.001,BTCUSDT
2025-09-30 00:00:08.812,114208.2,1.18,BTCUSDT
2025-09-30 00:00:08.812,114208.1,0.004,BTCUSDT
2025-09-30 00:00:08.812,114208.1,0.001,BTCUSDT
2025-09-30 00:00:08.812,114208.1,0.008,BTCUSDT
2025-09-30 00:00:08.812,114208.1,0.155,BTCUSDT
2025-09-30 00:00:08.812,114208.1,0.04,BTCUSDT
2025-09-30 00:00:08.812,114208.0,0.001,BTCUSDT
2025-09-30 00:00:08.812,114207.8,0.002,BTCUSDT
2025-09-30 00:00:08.812,114207.8,0.009,BTCUSDT
2025-09-30 00:00:08.812,114207.7,0.009,BTCUSDT
2025-09-30 00:00:08.812,114207.7,0.002,BTCUSDT
2025-09-30 00:00:08.812,114207.6,0.002,BTCUSDT
2025-09-30 00:00:08.812,114207.6,0.04,BTCUSDT
2025-09-30 00:00:08.812,114207.6,0.04,BTCUSDT
2025-09-30 00:00:08.812,114207.5,0.04,BTCUSDT
2025-09-30 00:00:08.812,114207.5,0.04,BTCUSDT
2025-09-30 00:00:08.812,114207.2,0.002,BTCUSDT
2025-09-30 00:00:08.812,114207.1,0.002,BTCUSDT
2025-09-30 00:00:08.812,114206.9,0.067,BTCUSDT
2025-09-30 00:00:08.812,114206.9,0.002,BTCUSDT
2025-09-30 00:00:08.812,114206.7,0.002,BTCUSDT
2025-09-30 00:00:08.812,114206.7,0.001,BTCUSDT
2025-09-30 00:00:08.812,114206.5,0.002,BTCUSDT
2025-09-30 00:00:08.812,114206.4,0.001,BTCUSDT
2025-09-30 00:00:08.812,114206.4,0.001,BTCUSDT
2025-09-30 00:00:08.812,114206.4,0.356,BTCUSDT
2025-09-30 00:00:08.812,114206.3,1.068,BTCUSDT
2025-09-30 00:00:08.820,114212.0,0.01,BTCUSDT
2025-09-30 00:00:08.820,114212.0,0.002,BTCUSDT
2025-09-30 00:00:08.825,114212.0,0.01,BTCUSDT
2025-09-30 00:00:08.836,114210.7,0.001,BTCUSDT
2025-09-30 00:00:08.855,114210.7,0.029,BTCUSDT
2025-09-30 00:00:08.855,114210.7,0.001,BTCUSDT
2025-09-30 00:00:08.855,114210.7,0.001,BTCUSDT
2025-09-30 00:00:08.855,114210.7,0.002,BTCUSDT
2025-09-30 00:00:08.855,114210.7,0.001,BTCUSDT
2025-09-30 00:00:08.855,114210.7,0.001,BTCUSDT
2025-09-30 00:00:08.873,114210.8,0.012,BTCUSDT
2025-09-30 00:00:08.873,114210.8,0.012,BTCUSDT
2025-09-30 00:00:08.885,114210.7,0.035,BTCUSDT
2025-09-30 00:00:08.885,114210.7,0.006,BTCUSDT
2025-09-30 00:00:08.885,114210.7,0.095,BTCUSDT
2025-09-30 00:00:08.885,114210.7,0.411,BTCUSDT
2025-09-30 00:00:08.885,114210.7,0.175,BTCUSDT
2025-09-30 00:00:08.885,114210.7,0.357,BTCUSDT
2025-09-30 00:00:08.885,114210.7,0.031,BTCUSDT
2025-09-30 00:00:08.885,114210.7,0.083,BTCUSDT
2025-09-30 00:00:08.971,114210.8,1.014,BTCUSDT
2025-09-30 00:00:08.986,114210.8,0.005,BTCUSDT
2025-09-30 00:00:09.004,114210.8,0.014,BTCUSDT
2025-09-30 00:00:09.059,114210.8,0.001,BTCUSDT
2025-09-30 00:00:09.068,114210.7,0.5,BTCUSDT
2025-09-30 00:00:09.174,114210.8,0.012,BTCUSDT
2025-09-30 00:00:09.202,114210.8,0.003,BTCUSDT
2025-09-30 00:00:09.219,114210.7,0.002,BTCUSDT
2025-09-30 00:00:09.334,114210.7,0.295,BTCUSDT
2025-09-30 00:00:09.334,114210.7,0.016,BTCUSDT
2025-09-30 00:00:09.334,114210.7,0.031,BTCUSDT
2025-09-30 00:00:09.334,114210.7,0.207,BTCUSDT
2025-09-30 00:00:09.334,114210.7,0.008,BTCUSDT
2025-09-30 00:00:09.334,114210.7,0.053,BTCUSDT
2025-09-30 00:00:09.334,114210.7,0.177,BTCUSDT
2025-09-30 00:00:09.334,114210.7,0.165,BTCUSDT
2025-09-30 00:00:09.334,114210.7,1.097,BTCUSDT
2025-09-30 00:00:09.334,114210.7,0.182,BTCUSDT
2025-09-30 00:00:09.334,114210.7,0.156,BTCUSDT
2025-09-30 00:00:09.334,114210.7,0.165,BTCUSDT
2025-09-30 00:00:09.334,114210.7,0.001,BTCUSDT
2025-09-30 00:00:09.334,114210.7,0.299,BTCUSDT
2025-09-30 00:00:09.334,114210.7,0.272,BTCUSDT
2025-09-30 00:00:09.334,114210.7,0.01,BTCUSDT
2025-09-30 00:00:09.334,114210.7,0.04,BTCUSDT
2025-09-30 00:00:09.334,114210.7,0.001,BTCUSDT
2025-09-30 00:00:09.334,114210.7,0.281,BTCUSDT
2025-09-30 00:00:09.334,114210.7,0.002,BTCUSDT
2025-09-30 00:00:09.334,114210.7,0.002,BTCUSDT
2025-09-30 00:00:09.334,114210.7,0.001,BTCUSDT
2025-09-30 00:00:09.334,114210.7,0.023,BTCUSDT
2025-09-30 00:00:09.334,114210.7,0.001,BTCUSDT
2025-09-30 00:00:09.335,114210.6,0.001,BTCUSDT
2025-09-30 00:00:09.335,114210.6,0.001,BTCUSDT
2025-09-30 00:00:09.335,114210.6,0.001,BTCUSDT
2025-09-30 00:00:09.335,114210.6,0.002,BTCUSDT
2025-09-30 00:00:09.335,114210.1,0.002,BTCUSDT
2025-09-30 00:00:09.335,114210.0,0.001,BTCUSDT
2025-09-30 00:00:09.335,114210.0,0.001,BTCUSDT
2025-09-30 00:00:09.335,114210.0,0.001,BTCUSDT
2025-09-30 00:00:09.335,114209.5,0.002,BTCUSDT
2025-09-30 00:00:09.335,114209.0,0.001,BTCUSDT
2025-09-30 00:00:09.335,114208.9,0.002,BTCUSDT
2025-09-30 00:00:09.335,114208.5,0.001,BTCUSDT
2025-09-30 00:00:09.336,114208.4,0.001,BTCUSDT
2025-09-30 00:00:09.336,114208.4,0.087,BTCUSDT
2025-09-30 00:00:09.338,114208.4,0.138,BTCUSDT
2025-09-30 00:00:09.367,114208.5,0.003,BTCUSDT
2025-09-30 00:00:09.423,114208.4,0.008,BTCUSDT
2025-09-30 00:00:09.605,114208.5,0.013,BTCUSDT
2025-09-30 00:00:09.697,114208.5,0.002,BTCUSDT
2025-09-30 00:00:09.747,114208.5,0.006,BTCUSDT
2025-09-30 00:00:09.790,114208.5,0.011,BTCUSDT
2025-09-30 00:00:09.982,114208.5,0.011,BTCUSDT
2025-09-30 00:00:10.102,114208.4,0.02,BTCUSDT
2025-09-30 00:00:10.102,114208.4,0.003,BTCUSDT
2025-09-30 00:00:10.102,114208.4,0.177,BTCUSDT
2025-09-30 00:00:10.174,114208.5,0.001,BTCUSDT
2025-09-30 00:00:10.177,114208.5,0.008,BTCUSDT
2025-09-30 00:00:10.275,114208.5,0.009,BTCUSDT
2025-09-30 00:00:10.279,114208.4,0.06,BTCUSDT
2025-09-30 00:00:10.279,114208.4,0.053,BTCUSDT
2025-09-30 00:00:10.279,114208.4,0.176,BTCUSDT
2025-09-30 00:00:10.279,114208.4,0.167,BTCUSDT
2025-09-30 00:00:10.279,114208.4,0.166,BTCUSDT
2025-09-30 00:00:10.279,114208.4,0.166,BTCUSDT
2025-09-30 00:00:10.279,114208.4,0.6,BTCUSDT
2025-09-30 00:00:10.279,114208.4,0.162,BTCUSDT
2025-09-30 00:00:10.279,114208.4,0.178,BTCUSDT
2025-09-30 00:00:10.279,114208.4,0.037,BTCUSDT
2025-09-30 00:00:10.386,114208.5,0.007,BTCUSDT
2025-09-30 00:00:10.404,114208.4,0.088,BTCUSDT
2025-09-30 00:00:10.408,114208.5,0.012,BTCUSDT
2025-09-30 00:00:10.502,114208.5,0.005,BTCUSDT
2025-09-30 00:00:10.550,114208.4,0.082,BTCUSDT
2025-09-30 00:00:10.550,114208.4,0.631,BTCUSDT
2025-09-30 00:00:10.550,114208.4,0.168,BTCUSDT
2025-09-30 00:00:10.550,114208.4,0.031,BTCUSDT
2025-09-30 00:00:10.550,114208.4,0.272,BTCUSDT
2025-09-30 00:00:10.550,114208.4,0.172,BTCUSDT
2025-09-30 00:00:10.550,114208.4,0.323,BTCUSDT
2025-09-30 00:00:10.550,114208.4,0.182,BTCUSDT
2025-09-30 00:00:10.550,114208.4,0.04,BTCUSDT
2025-09-30 00:00:10.550,114208.4,0.008,BTCUSDT
2025-09-30 00:00:10.550,114208.4,0.002,BTCUSDT
2025-09-30 00:00:10.550,114208.4,1.0,BTCUSDT
2025-09-30 00:00:10.550,114208.4,0.055,BTCUSDT
2025-09-30 00:00:10.550,114208.4,0.481,BTCUSDT
2025-09-30 00:00:10.550,114208.4,0.152,BTCUSDT
2025-09-30 00:00:10.550,114208.4,0.157,BTCUSDT
2025-09-30 00:00:10.550,114208.4,0.084,BTCUSDT
2025-09-30 00:00:10.550,114208.4,0.084,BTCUSDT
2025-09-30 00:00:10.550,114208.4,0.001,BTCUSDT
2025-09-30 00:00:10.550,114208.4,0.001,BTCUSDT
2025-09-30 00:00:10.550,114208.4,0.007,BTCUSDT
2025-09-30 00:00:10.550,114208.4,0.087,BTCUSDT
2025-09-30 00:00:10.550,114208.4,0.002,BTCUSDT
2025-09-30 00:00:10.550,114208.4,0.05,BTCUSDT
2025-09-30 00:00:10.550,114208.4,0.001,BTCUSDT
2025-09-30 00:00:10.550,114208.4,0.001,BTCUSDT
2025-09-30 00:00:10.550,114208.4,0.027,BTCUSDT
2025-09-30 00:00:10.550,114208.4,0.003,BTCUSDT
2025-09-30 00:00:10.550,114208.4,0.037,BTCUSDT
2025-09-30 00:00:10.550,114208.4,0.971,BTCUSDT
2025-09-30 00:00:10.550,114208.4,0.511,BTCUSDT
2025-09-30 00:00:10.550,114208.4,0.002,BTCUSDT
2025-09-30 00:00:10.550,114208.4,0.002,BTCUSDT
2025-09-30 00:00:10.550,114208.3,0.002,BTCUSDT
2025-09-30 00:00:10.550,114208.3,0.001,BTCUSDT
2025-09-30 00:00:10.550,114208.3,0.001,BTCUSDT
2025-09-30 00:00:10.550,114208.3,0.001,BTCUSDT
2025-09-30 00:00:10.550,114208.3,0.001,BTCUSDT
2025-09-30 00:00:10.550,114208.3,0.002,BTCUSDT
2025-09-30 00:00:10.550,114208.2,0.001,BTCUSDT
2025-09-30 00:00:10.550,114208.2,0.001,BTCUSDT
2025-09-30 00:00:10.550,114208.2,0.002,BTCUSDT
2025-09-30 00:00:10.550,114208.1,0.099,BTCUSDT
2025-09-30 00:00:10.550,114208.0,0.027,BTCUSDT
2025-09-30 00:00:10.550,114208.0,0.002,BTCUSDT
2025-09-30 00:00:10.550,114207.7,0.002,BTCUSDT
2025-09-30 00:00:10.550,114207.2,0.001,BTCUSDT
2025-09-30 00:00:10.550,114207.1,0.002,BTCUSDT
2025-09-30 00:00:10.550,114206.9,0.001,BTCUSDT
2025-09-30 00:00:10.550,114206.8,0.002,BTCUSDT
2025-09-30 00:00:10.550,114206.5,0.002,BTCUSDT
2025-09-30 00:00:10.550,114206.4,0.001,BTCUSDT
2025-09-30 00:00:10.550,114206.3,0.438,BTCUSDT
2025-09-30 00:00:10.550,114206.1,0.002,BTCUSDT
2025-09-30 00:00:10.550,114205.9,0.002,BTCUSDT
2025-09-30 00:00:10.550,114205.6,0.167,BTCUSDT
2025-09-30 00:00:10.550,114205.5,0.001,BTCUSDT
2025-09-30 00:00:10.550,114205.5,0.005,BTCUSDT
2025-09-30 00:00:10.550,114205.3,0.002,BTCUSDT
2025-09-30 00:00:10.550,114205.1,0.001,BTCUSDT
2025-09-30 00:00:10.550,114205.1,0.002,BTCUSDT
2025-09-30 00:00:10.550,114205.1,0.03,BTCUSDT
2025-09-30 00:00:10.550,114205.0,0.001,BTCUSDT
2025-09-30 00:00:10.550,114205.0,0.001,BTCUSDT
2025-09-30 00:00:10.550,114204.8,0.15,BTCUSDT
2025-09-30 00:00:10.550,114204.8,0.15,BTCUSDT
2025-09-30 00:00:10.550,114204.7,0.001,BTCUSDT
2025-09-30 00:00:10.550,114204.7,0.002,BTCUSDT
2025-09-30 00:00:10.550,114204.7,1.149,BTCUSDT
2025-09-30 00:00:10.550,114204.6,0.001,BTCUSDT
2025-09-30 00:00:10.550,114204.6,0.067,BTCUSDT
2025-09-30 00:00:10.550,114204.4,0.002,BTCUSDT
2025-09-30 00:00:10.550,114204.3,0.002,BTCUSDT
2025-09-30 00:00:10.550,114204.3,0.007,BTCUSDT
2025-09-30 00:00:10.550,114204.3,0.001,BTCUSDT
2025-09-30 00:00:10.550,114204.3,0.21,BTCUSDT
2025-09-30 00:00:10.550,114204.2,0.001,BTCUSDT
2025-09-30 00:00:10.550,114204.1,0.002,BTCUSDT
2025-09-30 00:00:10.550,114203.8,0.001,BTCUSDT
2025-09-30 00:00:10.550,114203.5,0.002,BTCUSDT
2025-09-30 00:00:10.550,114203.5,0.002,BTCUSDT
2025-09-30 00:00:10.550,114203.4,0.002,BTCUSDT
2025-09-30 00:00:10.550,114203.4,0.08,BTCUSDT
2025-09-30 00:00:10.550,114203.2,0.184,BTCUSDT
2025-09-30 00:00:10.550,114203.2,1.225,BTCUSDT
2025-09-30 00:00:10.550,114203.1,0.001,BTCUSDT
2025-09-30 00:00:10.550,114203.1,0.657,BTCUSDT
2025-09-30 00:00:10.550,114203.1,0.329,BTCUSDT
2025-09-30 00:00:10.550,114203.1,0.001,BTCUSDT
2025-09-30 00:00:10.550,114203.0,0.001,BTCUSDT
2025-09-30 00:00:10.550,114203.0,0.001,BTCUSDT
2025-09-30 00:00:10.550,114202.9,0.002,BTCUSDT
2025-09-30 00:00:10.550,114202.8,0.012,BTCUSDT
2025-09-30 00:00:10.550,114202.8,0.03,BTCUSDT
2025-09-30 00:00:10.550,114202.7,0.002,BTCUSDT
2025-09-30 00:00:10.550,114202.7,0.088,BTCUSDT
2025-09-30 00:00:10.550,114202.7,0.088,BTCUSDT
2025-09-30 00:00:10.550,114202.7,0.08,BTCUSDT
2025-09-30 00:00:10.550,114202.7,0.037,BTCUSDT
2025-09-30 00:00:10.575,114202.8,0.001,BTCUSDT
2025-09-30 00:00:10.579,114202.7,0.008,BTCUSDT
2025-09-30 00:00:10.592,114202.8,0.008,BTCUSDT
2025-09-30 00:00:10.791,114202.8,0.009,BTCUSDT
2025-09-30 00:00:10.887,114202.8,0.008,BTCUSDT
2025-09-30 00:00:10.979,114202.8,0.289,BTCUSDT
2025-09-30 00:00:10.979,114202.8,0.315,BTCUSDT
2025-09-30 00:00:10.979,114202.8,0.5,BTCUSDT
2025-09-30 00:00:10.979,114202.8,0.61,BTCUSDT
2025-09-30 00:00:10.979,114202.8,0.315,BTCUSDT
2025-09-30 00:00:10.979,114202.8,0.315,BTCUSDT
2025-09-30 00:00:10.979,114202.8,0.315,BTCUSDT
2025-09-30 00:00:10.979,114202.8,0.315,BTCUSDT
2025-09-30 00:00:10.979,114202.8,0.993,BTCUSDT
2025-09-30 00:00:10.979,114202.8,1.596,BTCUSDT
2025-09-30 00:00:10.982,114202.8,0.936,BTCUSDT
2025-09-30 00:00:10.982,114202.8,0.103,BTCUSDT
2025-09-30 00:00:10.982,114202.8,0.481,BTCUSDT
2025-09-30 00:00:10.982,114202.8,0.209,BTCUSDT
2025-09-30 00:00:10.982,114202.8,0.087,BTCUSDT
2025-09-30 00:00:10.982,114202.8,0.003,BTCUSDT
2025-09-30 00:00:10.982,114202.8,0.016,BTCUSDT
2025-09-30 00:00:10.982,114202.8,0.474,BTCUSDT
2025-09-30 00:00:10.982,114202.8,0.429,BTCUSDT
2025-09-30 00:00:10.982,114202.8,0.005,BTCUSDT
2025-09-30 00:00:10.982,114202.8,0.004,BTCUSDT
2025-09-30 00:00:10.982,114202.8,0.004,BTCUSDT
2025-09-30 00:00:10.982,114202.8,0.002,BTCUSDT
2025-09-30 00:00:10.982,114202.8,0.007,BTCUSDT
2025-09-30 00:00:10.982,114202.8,0.215,BTCUSDT
2025-09-30 00:00:10.983,114202.8,0.044,BTCUSDT
2025-09-30 00:00:10.985,114202.8,0.053,BTCUSDT
2025-09-30 00:00:10.986,114202.8,0.133,BTCUSDT
2025-09-30 00:00:10.986,114202.8,0.025,BTCUSDT
2025-09-30 00:00:10.986,114202.8,0.126,BTCUSDT
2025-09-30 00:00:10.986,114202.8,0.469,BTCUSDT
2025-09-30 00:00:10.987,114202.8,0.112,BTCUSDT
2025-09-30 00:00:10.987,114202.8,0.042,BTCUSDT
2025-09-30 00:00:10.987,114202.8,0.002,BTCUSDT
2025-09-30 00:00:10.987,114202.8,0.001,BTCUSDT
2025-09-30 00:00:10.987,114202.8,0.001,BTCUSDT
2025-09-30 00:00:10.987,114202.8,0.032,BTCUSDT
2025-09-30 00:00:10.988,114202.8,0.014,BTCUSDT
2025-09-30 00:00:10.989,114202.8,0.041,BTCUSDT
2025-09-30 00:00:10.989,114202.8,0.002,BTCUSDT
2025-09-30 00:00:10.989,114202.8,0.087,BTCUSDT
2025-09-30 00:00:10.989,114202.8,0.091,BTCUSDT
2025-09-30 00:00:10.989,114202.8,0.018,BTCUSDT
2025-09-30 00:00:10.995,114202.8,0.011,BTCUSDT
2025-09-30 00:00:11.008,114202.8,0.204,BTCUSDT
2025-09-30 00:00:11.059,114202.8,0.001,BTCUSDT
2025-09-30 00:00:11.059,114202.8,0.009,BTCUSDT
2025-09-30 00:00:11.060,114202.8,0.04,BTCUSDT
2025-09-30 00:00:11.060,114202.8,0.011,BTCUSDT
2025-09-30 00:00:11.060,114202.8,0.001,BTCUSDT
2025-09-30 00:00:11.060,114202.8,0.001,BTCUSDT
2025-09-30 00:00:11.061,114202.8,0.001,BTCUSDT
2025-09-30 00:00:11.061,114202.8,0.001,BTCUSDT
2025-09-30 00:00:11.062,114202.8,0.002,BTCUSDT
2025-09-30 00:00:11.099,114202.8,0.026,BTCUSDT
2025-09-30 00:00:11.114,114202.8,0.035,BTCUSDT
2025-09-30 00:00:11.114,114202.8,0.124,BTCUSDT
2025-09-30 00:00:11.115,114202.8,0.072,BTCUSDT
2025-09-30 00:00:11.115,114202.8,0.113,BTCUSDT
2025-09-30 00:00:11.115,114202.8,0.087,BTCUSDT
2025-09-30 00:00:11.115,114202.8,0.006,BTCUSDT
2025-09-30 00:00:11.115,114202.8,0.001,BTCUSDT
2025-09-30 00:00:11.115,114202.8,0.003,BTCUSDT
2025-09-30 00:00:11.115,114202.8,0.001,BTCUSDT
2025-09-30 00:00:11.115,114202.8,0.005,BTCUSDT
2025-09-30 00:00:11.115,114202.9,0.002,BTCUSDT
2025-09-30 00:00:11.115,114202.9,0.001,BTCUSDT
2025-09-30 00:00:11.115,114202.9,0.001,BTCUSDT
2025-09-30 00:00:11.115,114202.9,0.087,BTCUSDT
2025-09-30 00:00:11.115,114202.9,0.005,BTCUSDT
2025-09-30 00:00:11.115,114202.9,0.002,BTCUSDT
2025-09-30 00:00:11.115,114203.0,0.002,BTCUSDT
2025-09-30 00:00:11.118,114203.6,0.002,BTCUSDT
2025-09-30 00:00:11.118,114203.9,0.002,BTCUSDT
2025-09-30 00:00:11.118,114204.0,0.002,BTCUSDT
2025-09-30 00:00:11.118,114204.0,0.002,BTCUSDT
2025-09-30 00:00:11.118,114204.2,0.002,BTCUSDT
2025-09-30 00:00:11.118,114204.6,0.001,BTCUSDT
2025-09-30 00:00:11.118,114204.8,0.002,BTCUSDT
2025-09-30 00:00:11.118,114205.1,0.001,BTCUSDT
2025-09-30 00:00:11.118,114205.4,0.002,BTCUSDT
2025-09-30 00:00:11.118,114205.6,0.002,BTCUSDT
2025-09-30 00:00:11.118,114206.2,0.002,BTCUSDT
2025-09-30 00:00:11.118,114206.3,0.002,BTCUSDT
2025-09-30 00:00:11.118,114206.7,0.002,BTCUSDT
2025-09-30 00:00:11.118,114206.8,0.001,BTCUSDT
2025-09-30 00:00:11.118,114207.1,0.002,BTCUSDT
2025-09-30 00:00:11.118,114207.4,0.001,BTCUSDT
2025-09-30 00:00:11.118,114207.7,0.002,BTCUSDT
2025-09-30 00:00:11.118,114207.8,0.002,BTCUSDT
2025-09-30 00:00:11.118,114208.4,0.002,BTCUSDT
2025-09-30 00:00:11.118,114208.4,0.001,BTCUSDT
2025-09-30 00:00:11.119,114208.4,0.035,BTCUSDT
2025-09-30 00:00:11.119,114208.4,0.035,BTCUSDT
2025-09-30 00:00:11.133,114208.5,0.003,BTCUSDT
2025-09-30 00:00:11.166,114208.4,0.001,BTCUSDT
2025-09-30 00:00:11.178,114208.5,0.084,BTCUSDT
2025-09-30 00:00:11.178,114208.5,0.001,BTCUSDT
2025-09-30 00:00:11.178,114208.5,0.05,BTCUSDT
2025-09-30 00:00:11.178,114208.5,0.001,BTCUSDT
2025-09-30 00:00:11.178,114208.5,0.001,BTCUSDT
2025-09-30 00:00:11.178,114208.5,0.001,BTCUSDT
2025-09-30 00:00:11.178,114208.5,0.013,BTCUSDT
2025-09-30 00:00:11.178,114208.5,0.001,BTCUSDT
2025-09-30 00:00:11.178,114208.5,0.006,BTCUSDT
2025-09-30 00:00:11.178,114208.5,0.005,BTCUSDT
2025-09-30 00:00:11.178,114208.6,0.087,BTCUSDT
2025-09-30 00:00:11.178,114208.6,0.001,BTCUSDT
2025-09-30 00:00:11.178,114208.6,0.002,BTCUSDT
2025-09-30 00:00:11.178,114208.7,0.002,BTCUSDT
2025-09-30 00:00:11.178,114209.0,0.002,BTCUSDT
2025-09-30 00:00:11.178,114209.5,0.002,BTCUSDT
2025-09-30 00:00:11.178,114209.6,0.002,BTCUSDT
2025-09-30 00:00:11.178,114209.7,0.002,BTCUSDT
2025-09-30 00:00:11.178,114209.7,0.002,BTCUSDT
2025-09-30 00:00:11.178,114210.0,0.001,BTCUSDT
2025-09-30 00:00:11.178,114210.0,0.001,BTCUSDT
2025-09-30 00:00:11.178,114210.0,0.001,BTCUSDT
2025-09-30 00:00:11.178,114210.2,0.002,BTCUSDT
2025-09-30 00:00:11.178,114210.6,0.001,BTCUSDT
2025-09-30 00:00:11.178,114210.6,0.002,BTCUSDT
2025-09-30 00:00:11.210,114210.7,0.012,BTCUSDT
2025-09-30 00:00:11.217,114210.7,0.008,BTCUSDT
2025-09-30 00:00:11.249,114210.7,0.002,BTCUSDT
2025-09-30 00:00:11.251,114210.7,0.002,BTCUSDT
2025-09-30 00:00:11.251,114210.7,0.002,BTCUSDT
2025-09-30 00:00:11.267,114210.6,0.002,BTCUSDT
2025-09-30 00:00:11.333,114210.7,0.016,BTCUSDT
2025-09-30 00:00:11.369,114210.7,0.011,BTCUSDT
2025-09-30 00:00:11.370,114210.7,0.001,BTCUSDT
2025-09-30 00:00:11.370,114210.7,0.001,BTCUSDT
2025-09-30 00:00:11.370,114210.7,0.04,BTCUSDT
2025-09-30 00:00:11.370,114210.7,0.002,BTCUSDT
2025-09-30 00:00:11.370,114210.7,0.001,BTCUSDT
2025-09-30 00:00:11.370,114210.7,0.009,BTCUSDT
2025-09-30 00:00:11.370,114210.7,0.001,BTCUSDT
2025-09-30 00:00:11.370,114210.7,0.001,BTCUSDT
2025-09-30 00:00:11.377,114210.6,0.088,BTCUSDT
2025-09-30 00:00:11.398,114210.7,0.007,BTCUSDT
2025-09-30 00:00:11.438,114210.6,0.019,BTCUSDT
2025-09-30 00:00:11.441,114210.6,0.044,BTCUSDT
2025-09-30 00:00:11.444,114210.6,0.018,BTCUSDT
2025-09-30 00:00:11.444,114210.6,0.02,BTCUSDT
2025-09-30 00:00:11.457,114210.6,0.026,BTCUSDT
2025-09-30 00:00:11.520,114210.6,0.05,BTCUSDT
2025-09-30 00:00:11.558,114210.7,0.008,BTCUSDT
2025-09-30 00:00:11.597,114210.7,0.01,BTCUSDT
2025-09-30 00:00:11.619,114210.7,0.004,BTCUSDT
2025-09-30 00:00:11.628,114210.7,0.004,BTCUSDT
2025-09-30 00:00:11.788,114210.7,0.016,BTCUSDT
2025-09-30 00:00:11.814,114210.6,0.004,BTCUSDT
2025-09-30 00:00:11.849,114210.7,0.021,BTCUSDT
2025-09-30 00:00:11.924,114210.7,0.021,BTCUSDT
2025-09-30 00:00:11.924,114210.7,0.003,BTCUSDT
2025-09-30 00:00:11.925,114210.7,0.002,BTCUSDT
2025-09-30 00:00:12.007,114210.7,0.003,BTCUSDT
2025-09-30 00:00:12.013,114210.7,0.01,BTCUSDT
2025-09-30 00:00:12.023,114210.7,0.572,BTCUSDT
2025-09-30 00:00:12.024,114210.7,0.001,BTCUSDT
2025-09-30 00:00:12.111,114210.7,0.105,BTCUSDT
2025-09-30 00:00:12.127,114210.6,0.004,BTCUSDT
2025-09-30 00:00:12.190,114210.7,0.001,BTCUSDT
2025-09-30 00:00:12.201,114210.7,0.011,BTCUSDT
2025-09-30 00:00:12.215,114210.6,1.212,BTCUSDT
2025-09-30 00:00:12.215,114210.6,0.5,BTCUSDT
2025-09-30 00:00:12.215,114210.6,1.571,BTCUSDT
2025-09-30 00:00:12.215,114210.6,2.532,BTCUSDT
2025-09-30 00:00:12.215,114210.6,0.3,BTCUSDT
2025-09-30 00:00:12.215,114210.6,0.902,BTCUSDT
2025-09-30 00:00:12.215,114210.6,0.918,BTCUSDT
2025-09-30 00:00:12.215,114210.6,0.61,BTCUSDT
2025-09-30 00:00:12.215,114210.6,1.571,BTCUSDT
2025-09-30 00:00:12.215,114210.6,0.884,BTCUSDT
2025-09-30 00:00:12.253,114210.7,0.034,BTCUSDT
2025-09-30 00:00:12.254,114210.7,0.012,BTCUSDT
2025-09-30 00:00:12.399,114210.7,0.007,BTCUSDT
2025-09-30 00:00:12.407,114210.7,0.012,BTCUSDT
2025-09-30 00:00:12.433,114210.7,0.003,BTCUSDT
2025-09-30 00:00:12.452,114210.6,0.088,BTCUSDT
2025-09-30 00:00:12.495,114210.6,0.015,BTCUSDT
2025-09-30 00:00:12.495,114210.6,0.004,BTCUSDT
2025-09-30 00:00:12.581,114210.6,0.099,BTCUSDT
2025-09-30 00:00:12.581,114210.6,0.026,BTCUSDT
2025-09-30 00:00:12.581,114210.6,0.001,BTCUSDT
2025-09-30 00:00:12.581,114210.6,0.003,BTCUSDT
2025-09-30 00:00:12.581,114210.6,0.031,BTCUSDT
2025-09-30 00:00:12.581,114210.6,0.065,BTCUSDT
2025-09-30 00:00:12.581,114210.6,1.013,BTCUSDT
2025-09-30 00:00:12.581,114210.6,0.012,BTCUSDT
2025-09-30 00:00:12.581,114210.6,0.02,BTCUSDT
2025-09-30 00:00:12.581,114210.6,0.052,BTCUSDT
2025-09-30 00:00:12.581,114210.6,0.205,BTCUSDT
2025-09-30 00:00:12.669,114210.6,0.016,BTCUSDT
2025-09-30 00:00:12.722,114210.7,0.105,BTCUSDT
2025-09-30 00:00:12.724,114210.6,0.342,BTCUSDT
2025-09-30 00:00:12.816,114210.7,0.01,BTCUSDT
2025-09-30 00:00:12.871,114210.7,0.016,BTCUSDT
2025-09-30 00:00:13.006,114210.7,0.005,BTCUSDT
2025-09-30 00:00:13.028,114210.6,0.019,BTCUSDT
2025-09-30 00:00:13.045,114210.7,0.018,BTCUSDT
2025-09-30 00:00:13.215,114210.7,0.009,BTCUSDT
2025-09-30 00:00:13.396,114210.7,0.074,BTCUSDT
2025-09-30 00:00:13.570,114210.6,0.088,BTCUSDT
2025-09-30 00:00:13.618,114210.7,0.013,BTCUSDT
2025-09-30 00:00:13.665,114210.6,0.33,BTCUSDT
2025-09-30 00:00:13.665,114210.6,0.052,BTCUSDT
2025-09-30 00:00:13.665,114210.6,0.025,BTCUSDT
2025-09-30 00:00:13.665,114210.6,0.052,BTCUSDT
2025-09-30 00:00:13.665,114210.6,0.039,BTCUSDT
2025-09-30 00:00:13.665,114210.6,0.087,BTCUSDT
2025-09-30 00:00:13.665,114210.6,0.087,BTCUSDT
2025-09-30 00:00:13.665,114210.6,0.087,BTCUSDT
2025-09-30 00:00:13.665,114210.6,0.181,BTCUSDT
2025-09-30 00:00:13.665,114210.6,0.001,BTCUSDT
2025-09-30 00:00:13.665,114210.6,0.001,BTCUSDT
2025-09-30 00:00:13.665,114210.6,0.063,BTCUSDT
2025-09-30 00:00:13.665,114210.6,0.001,BTCUSDT
2025-09-30 00:00:13.665,114210.6,0.001,BTCUSDT
2025-09-30 00:00:13.665,114210.6,0.001,BTCUSDT
2025-09-30 00:00:13.665,114210.6,0.027,BTCUSDT
2025-09-30 00:00:13.665,114210.6,0.04,BTCUSDT
2025-09-30 00:00:13.665,114210.6,0.005,BTCUSDT
2025-09-30 00:00:13.665,114210.6,0.001,BTCUSDT
2025-09-30 00:00:13.665,114210.6,0.003,BTCUSDT
2025-09-30 00:00:13.665,114210.6,0.031,BTCUSDT
2025-09-30 00:00:13.665,114210.6,0.052,BTCUSDT
2025-09-30 00:00:13.665,114210.6,0.053,BTCUSDT
2025-09-30 00:00:13.665,114210.6,0.01,BTCUSDT
2025-09-30 00:00:13.665,114210.6,0.207,BTCUSDT
2025-09-30 00:00:13.665,114210.6,0.01,BTCUSDT
2025-09-30 00:00:13.665,114210.6,0.169,BTCUSDT
2025-09-30 00:00:13.665,114210.6,0.002,BTCUSDT
2025-09-30 00:00:13.665,114210.6,0.323,BTCUSDT
2025-09-30 00:00:13.665,114210.6,0.168,BTCUSDT
2025-09-30 00:00:13.665,114210.6,0.008,BTCUSDT
2025-09-30 00:00:13.665,114210.6,0.002,BTCUSDT
2025-09-30 00:00:13.665,114210.6,0.18,BTCUSDT
2025-09-30 00:00:13.665,114210.6,0.18,BTCUSDT
2025-09-30 00:00:13.665,114210.6,0.272,BTCUSDT
2025-09-30 00:00:13.665,114210.6,0.05,BTCUSDT
2025-09-30 00:00:13.665,114210.6,0.231,BTCUSDT
2025-09-30 00:00:13.665,114210.6,0.01,BTCUSDT
2025-09-30 00:00:13.665,114210.6,0.971,BTCUSDT
2025-09-30 00:00:13.665,114210.6,0.001,BTCUSDT
2025-09-30 00:00:13.665,114210.6,0.495,BTCUSDT
2025-09-30 00:00:13.665,114210.6,0.001,BTCUSDT
2025-09-30 00:00:13.665,114210.6,0.002,BTCUSDT
2025-09-30 00:00:13.665,114210.6,0.002,BTCUSDT
2025-09-30 00:00:13.665,114210.6,0.002,BTCUSDT
2025-09-30 00:00:13.665,114210.6,0.004,BTCUSDT
2025-09-30 00:00:13.665,114210.6,0.002,BTCUSDT
2025-09-30 00:00:13.665,114210.5,0.001,BTCUSDT
2025-09-30 00:00:13.665,114210.5,0.001,BTCUSDT
2025-09-30 00:00:13.665,114210.5,0.001,BTCUSDT
2025-09-30 00:00:13.665,114210.5,0.001,BTCUSDT
2025-09-30 00:00:13.665,114210.5,0.002,BTCUSDT
2025-09-30 00:00:13.665,114210.5,0.033,BTCUSDT
2025-09-30 00:00:13.665,114210.5,0.239,BTCUSDT
2025-09-30 00:00:13.665,114210.5,0.327,BTCUSDT
2025-09-30 00:00:13.665,114210.5,0.058,BTCUSDT
2025-09-30 00:00:13.665,114210.5,0.42,BTCUSDT
2025-09-30 00:00:13.665,114210.4,0.001,BTCUSDT
2025-09-30 00:00:13.665,114210.4,0.002,BTCUSDT
2025-09-30 00:00:13.665,114210.4,0.248,BTCUSDT
2025-09-30 00:00:13.665,114210.4,0.32,BTCUSDT
2025-09-30 00:00:13.665,114210.4,0.058,BTCUSDT
2025-09-30 00:00:13.665,114210.4,0.408,BTCUSDT
2025-09-30 00:00:13.665,114210.4,1.068,BTCUSDT
2025-09-30 00:00:13.665,114210.3,0.033,BTCUSDT
2025-09-30 00:00:13.665,114210.3,0.058,BTCUSDT
2025-09-30 00:00:13.665,114210.3,0.242,BTCUSDT
2025-09-30 00:00:13.665,114210.3,0.322,BTCUSDT
2025-09-30 00:00:13.665,114210.3,0.002,BTCUSDT
2025-09-30 00:00:13.665,114210.2,0.034,BTCUSDT
2025-09-30 00:00:13.665,114210.2,0.418,BTCUSDT
2025-09-30 00:00:13.665,114210.2,0.059,BTCUSDT
2025-09-30 00:00:13.665,114210.1,0.034,BTCUSDT
2025-09-30 00:00:13.665,114210.1,0.423,BTCUSDT
2025-09-30 00:00:13.665,114210.0,0.001,BTCUSDT
2025-09-30 00:00:13.665,114210.0,0.001,BTCUSDT
2025-09-30 00:00:13.665,114210.0,0.001,BTCUSDT
2025-09-30 00:00:13.665,114209.8,0.002,BTCUSDT
2025-09-30 00:00:13.665,114209.7,0.002,BTCUSDT
2025-09-30 00:00:13.665,114209.7,0.323,BTCUSDT
2025-09-30 00:00:13.665,114209.5,0.001,BTCUSDT
2025-09-30 00:00:13.665,114209.1,0.002,BTCUSDT
2025-09-30 00:00:13.665,114209.1,0.001,BTCUSDT
2025-09-30 00:00:13.665,114209.0,0.08,BTCUSDT
2025-09-30 00:00:13.665,114209.0,0.03,BTCUSDT
2025-09-30 00:00:13.665,114208.8,0.08,BTCUSDT
2025-09-30 00:00:13.665,114208.6,0.001,BTCUSDT
2025-09-30 00:00:13.665,114208.5,0.002,BTCUSDT
2025-09-30 00:00:13.665,114208.5,0.001,BTCUSDT
2025-09-30 00:00:13.665,114208.5,1.137,BTCUSDT
2025-09-30 00:00:13.666,114210.6,0.02,BTCUSDT
2025-09-30 00:00:13.667,114210.6,0.02,BTCUSDT
2025-09-30 00:00:13.667,114210.6,0.011,BTCUSDT
2025-09-30 00:00:13.667,114210.6,0.001,BTCUSDT
2025-09-30 00:00:13.667,114210.6,0.008,BTCUSDT
2025-09-30 00:00:13.667,114210.6,0.02,BTCUSDT
2025-09-30 00:00:13.694,114210.7,0.008,BTCUSDT
2025-09-30 00:00:13.740,114210.6,0.001,BTCUSDT
2025-09-30 00:00:13.740,114210.6,0.207,BTCUSDT
2025-09-30 00:00:13.740,114210.6,0.114,BTCUSDT
2025-09-30 00:00:13.740,114210.6,0.053,BTCUSDT
2025-09-30 00:00:13.740,114210.6,0.001,BTCUSDT
2025-09-30 00:00:13.740,114210.6,0.93,BTCUSDT
2025-09-30 00:00:13.740,114210.6,0.001,BTCUSDT
2025-09-30 00:00:13.740,114210.6,0.052,BTCUSDT
2025-09-30 00:00:13.740,114210.6,0.031,BTCUSDT
2025-09-30 00:00:13.740,114210.6,0.052,BTCUSDT
2025-09-30 00:00:13.740,114210.6,0.003,BTCUSDT
2025-09-30 00:00:13.740,114210.6,0.001,BTCUSDT
2025-09-30 00:00:13.740,114210.6,0.039,BTCUSDT
2025-09-30 00:00:13.740,114210.6,0.052,BTCUSDT
2025-09-30 00:00:13.740,114210.6,0.01,BTCUSDT
2025-09-30 00:00:13.740,114210.6,0.002,BTCUSDT
2025-09-30 00:00:13.740,114210.6,0.04,BTCUSDT
2025-09-30 00:00:13.740,114210.6,0.004,BTCUSDT
2025-09-30 00:00:13.740,114210.5,0.001,BTCUSDT
2025-09-30 00:00:13.740,114210.5,0.001,BTCUSDT
2025-09-30 00:00:13.740,114210.5,0.001,BTCUSDT
2025-09-30 00:00:13.740,114210.1,0.003,BTCUSDT
2025-09-30 00:00:13.740,114210.0,0.001,BTCUSDT
2025-09-30 00:00:13.740,114210.0,0.001,BTCUSDT
2025-09-30 00:00:13.740,114210.0,0.001,BTCUSDT
2025-09-30 00:00:13.740,114209.5,0.002,BTCUSDT
2025-09-30 00:00:13.740,114208.8,0.002,BTCUSDT
2025-09-30 00:00:13.740,114208.5,0.242,BTCUSDT
2025-09-30 00:00:13.740,114208.4,0.003,BTCUSDT
2025-09-30 00:00:13.740,114208.4,0.022,BTCUSDT
2025-09-30 00:00:13.740,114208.4,1.5,BTCUSDT
2025-09-30 00:00:13.740,114208.4,0.002,BTCUSDT
2025-09-30 00:00:13.740,114208.3,0.001,BTCUSDT
2025-09-30 00:00:13.740,114208.0,0.008,BTCUSDT
2025-09-30 00:00:13.740,114207.9,0.2,BTCUSDT
2025-09-30 00:00:13.740,114207.9,0.2,BTCUSDT
2025-09-30 00:00:13.740,114207.9,0.2,BTCUSDT
2025-09-30 00:00:13.740,114207.8,0.002,BTCUSDT
2025-09-30 00:00:13.740,114207.8,0.03,BTCUSDT
2025-09-30 00:00:13.740,114207.8,0.08,BTCUSDT
2025-09-30 00:00:13.740,114207.8,0.04,BTCUSDT
2025-09-30 00:00:13.740,114207.8,0.044,BTCUSDT
2025-09-30 00:00:13.740,114207.8,0.001,BTCUSDT
2025-09-30 00:00:13.740,114207.6,0.08,BTCUSDT
2025-09-30 00:00:13.740,114207.5,0.002,BTCUSDT
2025-09-30 00:00:13.740,114207.5,0.002,BTCUSDT
2025-09-30 00:00:13.740,114207.4,0.08,BTCUSDT
2025-09-30 00:00:13.740,114206.7,0.002,BTCUSDT
2025-09-30 00:00:13.740,114206.7,0.04,BTCUSDT
2025-09-30 00:00:13.740,114206.7,0.001,BTCUSDT
2025-09-30 00:00:13.745,114206.7,0.079,BTCUSDT
2025-09-30 00:00:13.745,114206.7,0.2,BTCUSDT
2025-09-30 00:00:13.745,114206.7,0.04,BTCUSDT
2025-09-30 00:00:13.745,114206.7,0.2,BTCUSDT
2025-09-30 00:00:13.745,114206.7,0.001,BTCUSDT
2025-09-30 00:00:13.745,114206.7,0.053,BTCUSDT
2025-09-30 00:00:13.745,114206.7,0.001,BTCUSDT
2025-09-30 00:00:13.745,114206.6,0.04,BTCUSDT
2025-09-30 00:00:13.745,114206.5,0.08,BTCUSDT
2025-09-30 00:00:13.745,114206.5,0.088,BTCUSDT
2025-09-30 00:00:13.745,114206.4,0.002,BTCUSDT
2025-09-30 00:00:13.745,114206.0,0.001,BTCUSDT
2025-09-30 00:00:13.745,114205.8,0.001,BTCUSDT
2025-09-30 00:00:13.745,114205.8,0.002,BTCUSDT
2025-09-30 00:00:13.745,114205.1,0.002,BTCUSDT
2025-09-30 00:00:13.745,114205.1,0.001,BTCUSDT
2025-09-30 00:00:13.745,114205.0,0.001,BTCUSDT
2025-09-30 00:00:13.745,114205.0,0.001,BTCUSDT
2025-09-30 00:00:13.745,114205.0,0.04,BTCUSDT
2025-09-30 00:00:13.745,114205.0,1.084,BTCUSDT
2025-09-30 00:00:13.745,114204.9,0.003,BTCUSDT
2025-09-30 00:00:13.745,114204.9,0.06,BTCUSDT
2025-09-30 00:00:13.745,114204.7,1.247,BTCUSDT
2025-09-30 00:00:13.745,114204.6,0.001,BTCUSDT
2025-09-30 00:00:13.745,114204.5,0.002,BTCUSDT
2025-09-30 00:00:13.745,114204.5,0.002,BTCUSDT
2025-09-30 00:00:13.745,114204.3,0.08,BTCUSDT
2025-09-30 00:00:13.745,114204.1,0.001,BTCUSDT
2025-09-30 00:00:13.745,114203.9,0.002,BTCUSDT
2025-09-30 00:00:13.745,114203.9,0.006,BTCUSDT
2025-09-30 00:00:13.745,114203.7,0.184,BTCUSDT
2025-09-30 00:00:13.745,114203.6,0.6,BTCUSDT
2025-09-30 00:00:13.745,114203.6,0.001,BTCUSDT
2025-09-30 00:00:13.745,114203.5,0.003,BTCUSDT
2025-09-30 00:00:13.745,114203.5,0.002,BTCUSDT
2025-09-30 00:00:13.745,114203.5,0.002,BTCUSDT
2025-09-30 00:00:13.745,114203.5,0.29,BTCUSDT
2025-09-30 00:00:13.745,114203.4,0.002,BTCUSDT
2025-09-30 00:00:13.745,114203.4,0.006,BTCUSDT
2025-09-30 00:00:13.745,114203.3,0.002,BTCUSDT
2025-09-30 00:00:13.745,114203.1,0.001,BTCUSDT
2025-09-30 00:00:13.745,114202.9,0.005,BTCUSDT
2025-09-30 00:00:13.745,114202.9,1.225,BTCUSDT
2025-09-30 00:00:13.745,114202.8,0.6,BTCUSDT
2025-09-30 00:00:13.745,114202.8,0.031,BTCUSDT
2025-09-30 00:00:13.745,114202.8,0.085,BTCUSDT
2025-09-30 00:00:13.745,114202.8,0.03,BTCUSDT
2025-09-30 00:00:13.745,114202.7,0.002,BTCUSDT
2025-09-30 00:00:13.745,114202.7,0.002,BTCUSDT
2025-09-30 00:00:13.745,114202.7,0.002,BTCUSDT
2025-09-30 00:00:13.745,114202.7,0.002,BTCUSDT
2025-09-30 00:00:13.745,114202.7,0.438,BTCUSDT
2025-09-30 00:00:13.745,114202.4,0.04,BTCUSDT
2025-09-30 00:00:13.745,114202.3,0.002,BTCUSDT
2025-09-30 00:00:13.745,114202.3,0.002,BTCUSDT
2025-09-30 00:00:13.745,114202.0,0.374,BTCUSDT
2025-09-30 00:00:13.745,114201.9,0.533,BTCUSDT
2025-09-30 00:00:13.745,114201.7,0.001,BTCUSDT
2025-09-30 00:00:13.745,114201.7,0.002,BTCUSDT
2025-09-30 00:00:13.745,114201.5,0.001,BTCUSDT
2025-09-30 00:00:13.745,114201.4,0.001,BTCUSDT
2025-09-30 00:00:13.745,114201.4,1.89,BTCUSDT
2025-09-30 00:00:13.745,114201.4,0.039,BTCUSDT
2025-09-30 00:00:13.745,114201.3,0.001,BTCUSDT
2025-09-30 00:00:13.745,114201.2,0.001,BTCUSDT
2025-09-30 00:00:13.745,114201.2,0.08,BTCUSDT
2025-09-30 00:00:13.745,114201.2,0.002,BTCUSDT
2025-09-30 00:00:13.745,114201.1,0.002,BTCUSDT
2025-09-30 00:00:13.745,114201.1,0.013,BTCUSDT
2025-09-30 00:00:13.745,114201.1,0.002,BTCUSDT
2025-09-30 00:00:13.745,114200.9,0.158,BTCUSDT
2025-09-30 00:00:13.745,114200.9,0.024,BTCUSDT
2025-09-30 00:00:13.745,114200.8,0.001,BTCUSDT
2025-09-30 00:00:13.745,114200.5,0.002,BTCUSDT
2025-09-30 00:00:13.745,114200.5,0.218,BTCUSDT
2025-09-30 00:00:13.745,114200.2,0.002,BTCUSDT
2025-09-30 00:00:13.745,114200.0,0.001,BTCUSDT
2025-09-30 00:00:13.745,114200.0,0.049,BTCUSDT
2025-09-30 00:00:13.745,114200.0,0.001,BTCUSDT
2025-09-30 00:00:13.745,114200.0,0.001,BTCUSDT
2025-09-30 00:00:13.745,114200.0,0.005,BTCUSDT
2025-09-30 00:00:13.745,114200.0,0.002,BTCUSDT
2025-09-30 00:00:13.745,114200.0,0.018,BTCUSDT
2025-09-30 00:00:13.745,114200.0,0.003,BTCUSDT
2025-09-30 00:00:13.745,114200.0,0.001,BTCUSDT
2025-09-30 00:00:13.745,114200.0,0.006,BTCUSDT
2025-09-30 00:00:13.745,114200.0,0.008,BTCUSDT
2025-09-30 00:00:13.745,114200.0,0.001,BTCUSDT
2025-09-30 00:00:13.745,114200.0,0.001,BTCUSDT
2025-09-30 00:00:13.745,114200.0,0.03,BTCUSDT
2025-09-30 00:00:13.745,114200.0,0.001,BTCUSDT
2025-09-30 00:00:13.745,114199.9,0.002,BTCUSDT
2025-09-30 00:00:13.745,114199.8,0.05,BTCUSDT
2025-09-30 00:00:13.745,114199.8,0.001,BTCUSDT
2025-09-30 00:00:13.745,114199.6,0.001,BTCUSDT
2025-09-30 00:00:13.745,114199.5,0.184,BTCUSDT
2025-09-30 00:00:13.745,114199.5,1.307,BTCUSDT
2025-09-30 00:00:13.745,114199.4,1.225,BTCUSDT
2025-09-30 00:00:13.745,114199.4,0.457,BTCUSDT
2025-09-30 00:00:13.745,114199.3,0.002,BTCUSDT
2025-09-30 00:00:13.745,114199.3,0.001,BTCUSDT
2025-09-30 00:00:13.745,114199.2,0.001,BTCUSDT
2025-09-30 00:00:13.745,114199.2,0.003,BTCUSDT
2025-09-30 00:00:13.745,114199.1,0.002,BTCUSDT
2025-09-30 00:00:13.745,114198.8,0.089,BTCUSDT
2025-09-30 00:00:13.745,114198.7,0.002,BTCUSDT
2025-09-30 00:00:13.745,114198.6,0.002,BTCUSDT
2025-09-30 00:00:13.745,114198.5,0.002,BTCUSDT
2025-09-30 00:00:13.745,114198.4,0.001,BTCUSDT
2025-09-30 00:00:13.745,114198.4,0.002,BTCUSDT
2025-09-30 00:00:13.745,114198.4,0.002,BTCUSDT
2025-09-30 00:00:13.745,114198.1,0.002,BTCUSDT
2025-09-30 00:00:13.745,114198.0,0.002,BTCUSDT
2025-09-30 00:00:13.745,114198.0,0.001,BTCUSDT
2025-09-30 00:00:13.745,114198.0,0.001,BTCUSDT
2025-09-30 00:00:13.745,114198.0,0.342,BTCUSDT
2025-09-30 00:00:13.745,114197.9,0.001,BTCUSDT
2025-09-30 00:00:13.745,114197.8,0.21,BTCUSDT
2025-09-30 00:00:13.745,114197.7,0.072,BTCUSDT
2025-09-30 00:00:13.745,114197.7,0.008,BTCUSDT
2025-09-30 00:00:13.745,114197.6,0.013,BTCUSDT
2025-09-30 00:00:13.745,114197.6,0.017,BTCUSDT
2025-09-30 00:00:13.745,114197.5,0.002,BTCUSDT
2025-09-30 00:00:13.745,114197.4,0.002,BTCUSDT
2025-09-30 00:00:13.745,114196.9,0.072,BTCUSDT
2025-09-30 00:00:13.756,114196.9,0.002,BTCUSDT
2025-09-30 00:00:13.756,114196.9,0.001,BTCUSDT
2025-09-30 00:00:13.756,114196.9,0.001,BTCUSDT
2025-09-30 00:00:13.756,114196.9,0.001,BTCUSDT
2025-09-30 00:00:13.756,114196.9,0.001,BTCUSDT
2025-09-30 00:00:13.756,114196.9,0.001,BTCUSDT
2025-09-30 00:00:13.756,114196.9,0.001,BTCUSDT
2025-09-30 00:00:13.762,114196.9,0.001,BTCUSDT
2025-09-30 00:00:13.762,114196.9,0.025,BTCUSDT
2025-09-30 00:00:13.762,114196.9,0.003,BTCUSDT
2025-09-30 00:00:13.762,114196.9,0.001,BTCUSDT
2025-09-30 00:00:13.762,114196.9,0.008,BTCUSDT
2025-09-30 00:00:13.762,114196.9,0.001,BTCUSDT
2025-09-30 00:00:13.762,114196.9,0.001,BTCUSDT
2025-09-30 00:00:13.762,114196.9,0.001,BTCUSDT
2025-09-30 00:00:13.762,114196.9,0.002,BTCUSDT
2025-09-30 00:00:13.762,114196.9,0.001,BTCUSDT
2025-09-30 00:00:13.762,114196.9,0.031,BTCUSDT
2025-09-30 00:00:13.762,114196.8,0.001,BTCUSDT
2025-09-30 00:00:13.762,114196.5,0.001,BTCUSDT
2025-09-30 00:00:13.762,114196.3,0.001,BTCUSDT
2025-09-30 00:00:13.762,114196.3,0.002,BTCUSDT
2025-09-30 00:00:13.762,114196.1,0.187,BTCUSDT
2025-09-30 00:00:13.762,114196.1,0.06,BTCUSDT
2025-09-30 00:00:13.762,114195.7,0.002,BTCUSDT
2025-09-30 00:00:13.762,114195.7,0.002,BTCUSDT
2025-09-30 00:00:13.762,114195.7,0.008,BTCUSDT
2025-09-30 00:00:13.762,114195.3,0.001,BTCUSDT
2025-09-30 00:00:13.762,114195.3,0.004,BTCUSDT
2025-09-30 00:00:13.762,114195.2,0.336,BTCUSDT
2025-09-30 00:00:13.762,114195.2,0.002,BTCUSDT
2025-09-30 00:00:13.762,114195.1,0.002,BTCUSDT
2025-09-30 00:00:13.762,114195.0,0.001,BTCUSDT
2025-09-30 00:00:13.762,114195.0,0.001,BTCUSDT
2025-09-30 00:00:13.762,114195.0,0.067,BTCUSDT
2025-09-30 00:00:13.762,114194.9,0.002,BTCUSDT
2025-09-30 00:00:13.762,114194.7,0.002,BTCUSDT
2025-09-30 00:00:13.762,114194.6,0.002,BTCUSDT
2025-09-30 00:00:13.762,114194.5,0.001,BTCUSDT
2025-09-30 00:00:13.762,114194.5,0.001,BTCUSDT
2025-09-30 00:00:13.762,114194.5,0.002,BTCUSDT
2025-09-30 00:00:13.762,114194.4,0.219,BTCUSDT
2025-09-30 00:00:13.762,114194.0,0.002,BTCUSDT
2025-09-30 00:00:13.762,114193.9,0.002,BTCUSDT
2025-09-30 00:00:13.762,114193.8,0.002,BTCUSDT
2025-09-30 00:00:13.762,114193.8,0.001,BTCUSDT
2025-09-30 00:00:13.762,114193.7,0.002,BTCUSDT
2025-09-30 00:00:13.762,114193.6,0.001,BTCUSDT
2025-09-30 00:00:13.762,114193.6,0.001,BTCUSDT
2025-09-30 00:00:13.762,114193.6,0.001,BTCUSDT
2025-09-30 00:00:13.762,114193.6,0.001,BTCUSDT
2025-09-30 00:00:13.762,114193.6,1.599,BTCUSDT
2025-09-30 00:00:13.762,114193.4,0.002,BTCUSDT
2025-09-30 00:00:13.762,114193.4,0.001,BTCUSDT
2025-09-30 00:00:13.762,114193.3,0.002,BTCUSDT
2025-09-30 00:00:13.762,114193.2,0.001,BTCUSDT
2025-09-30 00:00:13.762,114192.8,0.009,BTCUSDT
2025-09-30 00:00:13.762,114192.8,0.009,BTCUSDT
2025-09-30 00:00:13.762,114192.8,0.001,BTCUSDT
2025-09-30 00:00:13.762,114192.7,0.002,BTCUSDT
2025-09-30 00:00:13.762,114192.7,0.002,BTCUSDT
2025-09-30 00:00:13.762,114192.5,0.033,BTCUSDT
2025-09-30 00:00:13.762,114192.4,0.368,BTCUSDT
2025-09-30 00:00:13.762,114192.3,0.001,BTCUSDT
2025-09-30 00:00:13.762,114192.3,0.001,BTCUSDT
2025-09-30 00:00:13.762,114192.1,0.002,BTCUSDT
2025-09-30 00:00:13.762,114191.9,0.018,BTCUSDT
2025-09-30 00:00:13.762,114191.8,0.002,BTCUSDT
2025-09-30 00:00:13.762,114191.8,0.002,BTCUSDT
2025-09-30 00:00:13.762,114191.7,0.005,BTCUSDT
2025-09-30 00:00:13.762,114191.6,0.001,BTCUSDT
2025-09-30 00:00:13.762,114191.5,0.002,BTCUSDT
2025-09-30 00:00:13.762,114191.1,0.475,BTCUSDT
2025-09-30 00:00:13.762,114191.1,0.001,BTCUSDT
2025-09-30 00:00:13.762,114191.0,0.001,BTCUSDT
2025-09-30 00:00:13.762,114191.0,0.001,BTCUSDT
2025-09-30 00:00:13.762,114190.9,0.002,BTCUSDT
2025-09-30 00:00:13.762,114190.9,1.083,BTCUSDT
2025-09-30 00:00:13.762,114190.7,0.002,BTCUSDT
2025-09-30 00:00:13.762,114190.4,0.002,BTCUSDT
2025-09-30 00:00:13.762,114190.3,0.002,BTCUSDT
2025-09-30 00:00:13.762,114190.3,0.05,BTCUSDT
2025-09-30 00:00:13.762,114190.2,0.001,BTCUSDT
2025-09-30 00:00:13.762,114190.2,0.001,BTCUSDT
2025-09-30 00:00:13.762,114190.0,0.001,BTCUSDT
2025-09-30 00:00:13.762,114190.0,0.003,BTCUSDT
2025-09-30 00:00:13.762,114190.0,0.001,BTCUSDT
2025-09-30 00:00:13.762,114190.0,0.001,BTCUSDT
2025-09-30 00:00:13.762,114189.9,0.001,BTCUSDT
2025-09-30 00:00:13.762,114189.8,0.065,BTCUSDT
2025-09-30 00:00:13.762,114189.7,0.002,BTCUSDT
2025-09-30 00:00:13.762,114189.6,0.357,BTCUSDT
2025-09-30 00:00:13.762,114189.6,0.002,BTCUSDT
2025-09-30 00:00:13.762,114189.4,0.001,BTCUSDT
2025-09-30 00:00:13.762,114189.3,0.001,BTCUSDT
2025-09-30 00:00:13.762,114189.2,0.003,BTCUSDT
2025-09-30 00:00:13.762,114189.1,0.002,BTCUSDT
2025-09-30 00:00:13.762,114189.0,0.002,BTCUSDT
2025-09-30 00:00:13.762,114189.0,0.228,BTCUSDT
2025-09-30 00:00:13.762,114188.9,0.024,BTCUSDT
2025-09-30 00:00:13.762,114188.8,0.013,BTCUSDT
2025-09-30 00:00:13.762,114188.8,1.312,BTCUSDT
2025-09-30 00:00:13.762,114188.7,0.656,BTCUSDT
2025-09-30 00:00:13.762,114188.5,0.002,BTCUSDT
2025-09-30 00:00:13.762,114188.5,0.018,BTCUSDT
2025-09-30 00:00:13.762,114188.4,0.001,BTCUSDT
2025-09-30 00:00:13.763,114188.3,0.002,BTCUSDT
2025-09-30 00:00:13.763,114188.2,0.001,BTCUSDT
2025-09-30 00:00:13.763,114188.1,0.001,BTCUSDT
2025-09-30 00:00:13.763,114188.1,1.18,BTCUSDT
2025-09-30 00:00:13.763,114188.0,0.002,BTCUSDT
2025-09-30 00:00:13.763,114187.9,0.002,BTCUSDT
2025-09-30 00:00:13.763,114187.8,0.002,BTCUSDT
2025-09-30 00:00:13.763,114187.7,0.048,BTCUSDT
2025-09-30 00:00:13.763,114187.7,0.18,BTCUSDT
2025-09-30 00:00:13.771,114193.7,0.001,BTCUSDT
2025-09-30 00:00:13.771,114193.7,0.001,BTCUSDT
2025-09-30 00:00:13.771,114193.7,0.016,BTCUSDT
2025-09-30 00:00:13.773,114193.7,0.002,BTCUSDT
2025-09-30 00:00:13.776,114193.8,0.003,BTCUSDT
2025-09-30 00:00:13.777,114193.8,0.005,BTCUSDT
2025-09-30 00:00:13.777,114193.8,0.005,BTCUSDT
2025-09-30 00:00:13.786,114193.7,0.001,BTCUSDT
2025-09-30 00:00:13.786,114193.7,0.001,BTCUSDT
2025-09-30 00:00:13.786,114193.7,0.001,BTCUSDT
2025-09-30 00:00:13.786,114193.7,0.072,BTCUSDT
2025-09-30 00:00:13.786,114193.7,0.001,BTCUSDT
2025-09-30 00:00:13.786,114193.7,0.153,BTCUSDT
2025-09-30 00:00:13.786,114193.7,0.001,BTCUSDT
